customerid,customer_type,postcode,lat,lng,lat_lng_postcode,total_sales,turnover_override,staff_count,net_assets,cash_in_bank,profit,turnover,estimated_turnover,start_at,end_at,sic_code_details
"1","private_limited","WN6 9AE","53.580654","-2.720962","WN6 9AE","92037.89",\N,"52","9813684","1729322","4873768","11448086","4160000","2022-05-01","2023-04-30","84220: Defence activities, 46900: Non-specialised wholesale trade, 32990: Other manufacturing not elsewhere classified"
"3","sole_trader","N10 2QE","51.595805","-0.133476","N10 2QE","54.05","120000","2","37","37548",\N,\N,"160000","2022-11-01","2023-10-31","71111: Architectural activities"
"12","private_limited","IP28 8NY","52.356769","0.454967","IP28 8NY","139.48","240000","3","40035","43991",\N,\N,"240000","2022-04-01","2023-03-31","41202: Construction of domestic buildings, 41100: Development of building projects"
"12","private_limited","IP28 8NY","52.356769","0.454967","IP28 8NY","139.48","240000","3","42418","22034",\N,\N,"240000","2023-04-01","2024-03-31","41202: Construction of domestic buildings, 41100: Development of building projects"
"13","private_limited","IP16 4JD","52.209049","1.573850","IP16 4JD","467.54","1620000","26","7115764","2684277",\N,\N,"2080000","2022-08-01","2023-07-31","45400: Sale, maintenance and repair of motorcycles and related parts and accessories"
"20","private_limited","CO5 9SH","51.835786","0.724012","CO5 9SH","573.30",\N,\N,"1999","0",\N,\N,\N,"2022-12-01","2023-11-30","82990: Other business support service activities not elsewhere classified"
"22","private_limited","PL12 6RQ","50.459834","-4.262591","PL12 6RQ","13.64","240000","1","15306","0",\N,\N,"80000","2022-10-01","2023-09-30","74902: Quantity surveying activities"
"22","private_limited","PL12 6RQ","50.459834","-4.262591","PL12 6RQ","13.64","240000","1","27400","0",\N,\N,"80000","2023-10-01","2024-09-30","74902: Quantity surveying activities"
"40","private_limited","WA1 1QL","53.381554","-2.601864","WA1 1QL","741.00","1020000","13","2038950","1108301",\N,\N,"1040000","2023-03-01","2024-02-28","96090: Other service activities n.e.c."
"40","private_limited","WA1 1QL","53.381554","-2.601864","WA1 1QL","741.00","1020000","14","2091766","1828009",\N,\N,"1120000","2022-03-01","2023-02-28","96090: Other service activities n.e.c."
"41","private_limited","WV13 3YA","52.591670","-2.081086","WV13 3YA","324.94",\N,"3","527269","402776",\N,\N,"240000","2022-04-01","2023-03-31","77210: Renting and leasing of recreational and sports goods"
"48","private_limited","CO7 0SX","51.809659","1.040501","CO7 0SX","472.33","300000","6","160090","169001",\N,\N,"480000","2022-12-01","2023-11-30","58110: Book publishing"
"52","sole_trader","LN2 4SN","53.248050","-0.506051","LN2 4SN","503.90","1800000",\N,\N,\N,\N,\N,\N,\N,\N,"77291: Renting and leasing of media entertainment equipment"
"53","partnership","PE32 1JA","52.692318","0.612592","PE32 1JA","328767.11","12000000",\N,\N,\N,\N,\N,\N,\N,\N,"41200: Construction of residential and non-residential buildings"
"55","private_limited","W6 9HA","51.482861","-0.223324","W6 9HA","646.30","300000",\N,"93613",\N,"92613",\N,"1852260","2022-04-27","2023-04-26","42990: Construction of other civil engineering projects not elsewhere classified"
"55","private_limited","W6 9HA","51.482861","-0.223324","W6 9HA","646.30","300000",\N,"93613",\N,"92613",\N,"1852260","2022-05-27","2023-05-26","42990: Construction of other civil engineering projects not elsewhere classified"
"55","private_limited","W6 9HA","51.482861","-0.223324","W6 9HA","646.30","300000",\N,"93613",\N,"92613",\N,"1852260","2022-06-12","2023-06-11","42990: Construction of other civil engineering projects not elsewhere classified"
"55","private_limited","W6 9HA","51.482861","-0.223324","W6 9HA","646.30","300000",\N,"93613",\N,"92613",\N,"1852260","2022-09-26","2023-09-25","42990: Construction of other civil engineering projects not elsewhere classified"
"55","private_limited","W6 9HA","51.482861","-0.223324","W6 9HA","646.30","300000",\N,"93613",\N,"92613",\N,"1852260","2022-11-28","2023-11-27","42990: Construction of other civil engineering projects not elsewhere classified"
"55","private_limited","W6 9HA","51.482861","-0.223324","W6 9HA","646.30","300000",\N,"93613",\N,"92613",\N,"1852260","2022-12-25","2023-12-24","42990: Construction of other civil engineering projects not elsewhere classified"
"55","private_limited","W6 9HA","51.482861","-0.223324","W6 9HA","646.30","300000",\N,"93613",\N,"92613",\N,"1852260","2023-09-01","2024-08-31","42990: Construction of other civil engineering projects not elsewhere classified"
"55","private_limited","W6 9HA","51.482861","-0.223324","W6 9HA","646.30","300000",\N,"93613",\N,"92613",\N,"1852260","2023-09-16","2024-09-15","42990: Construction of other civil engineering projects not elsewhere classified"
"55","private_limited","W6 9HA","51.482861","-0.223324","W6 9HA","646.30","300000",\N,"218083",\N,"217083",\N,"4341660","2022-01-09","2023-01-08","42990: Construction of other civil engineering projects not elsewhere classified"
"55","private_limited","W6 9HA","51.482861","-0.223324","W6 9HA","646.30","300000",\N,"218083",\N,"217083",\N,"4341660","2022-04-08","2023-04-07","42990: Construction of other civil engineering projects not elsewhere classified"
"55","private_limited","W6 9HA","51.482861","-0.223324","W6 9HA","646.30","300000",\N,"225979",\N,\N,\N,\N,"2023-03-19","2024-03-18","42990: Construction of other civil engineering projects not elsewhere classified"
"55","private_limited","W6 9HA","51.482861","-0.223324","W6 9HA","646.30","300000",\N,"287207",\N,\N,\N,\N,"2022-02-17","2023-02-16","42990: Construction of other civil engineering projects not elsewhere classified"
"55","private_limited","W6 9HA","51.482861","-0.223324","W6 9HA","646.30","300000",\N,"287207",\N,\N,\N,\N,"2023-01-23","2024-01-22","42990: Construction of other civil engineering projects not elsewhere classified"
"55","private_limited","W6 9HA","51.482861","-0.223324","W6 9HA","646.30","300000",\N,"340386",\N,\N,\N,\N,"2022-07-27","2023-07-26","42990: Construction of other civil engineering projects not elsewhere classified"
"55","private_limited","W6 9HA","51.482861","-0.223324","W6 9HA","646.30","300000","2","1089","0",\N,\N,"160000","2023-03-31","2024-06-30","42990: Construction of other civil engineering projects not elsewhere classified"
"55","private_limited","W6 9HA","51.482861","-0.223324","W6 9HA","646.30","300000","4","165333","0",\N,\N,"320000","2022-04-06","2023-04-05","42990: Construction of other civil engineering projects not elsewhere classified"
"59","sole_trader","IP31 3QJ","52.255691","0.822362","IP31 3QJ","345.30","60000",\N,"1","1",\N,\N,\N,"2022-09-01","2023-08-31","82990: Other business support service activities not elsewhere classified"
"66","private_limited","BD20 5DN","53.883683","-1.893306","BD20 5DN","326.60","120000","2","36353","0",\N,\N,"160000","2022-06-01","2023-05-31","06200: Extraction of natural gas"
"66","private_limited","BD20 5DN","53.883683","-1.893306","BD20 5DN","326.60","120000","2","51228","0",\N,\N,"160000","2023-06-01","2024-05-31","06200: Extraction of natural gas"
"67","private_limited","W6 0LJ","51.494344","-0.232213","W6 0LJ","2898.20",\N,\N,\N,\N,\N,\N,\N,\N,\N,"74203: Film processing, 74209: Other photographic activities (not including portrait and other specialist photography and film processing)"
"71","private_limited","NW11 8DE","51.565147","-0.196009","NW11 8DE","83.20",\N,\N,\N,\N,\N,\N,\N,\N,\N,\N
"73","private_limited","NR17 1BX","52.525290","0.889694","NR17 1BX","1616.16",\N,"2","297795","120683",\N,\N,"160000","2022-02-01","2023-01-31","01470: Raising of poultry, 35140: Trade of electricity"
"79","private_limited","SA9 1LF","51.783167","-3.759359","SA9 1LF","456.55","1020000","9","178274","80504",\N,\N,"720000","2022-04-01","2023-03-31","46690: Wholesale of other machinery and equipment, 41201: Construction of commercial buildings"
"80","private_limited","HP2 7TG","51.760609","-0.437565","HP2 7TG","36.80",\N,\N,\N,\N,\N,\N,\N,\N,\N,"82990: Other business support service activities not elsewhere classified"
"86","private_limited","WR136SU","52.055102","-2.292244","WR136SU","107.14","120000","2","11466","492",\N,\N,"160000","2022-04-01","2023-03-31","29320: Manufacture of other parts and accessories for motor vehicles"
"88","partnership","NR7 0LQ","52.632658","1.335277","NR7 0LQ","2450.19","16200000",\N,"1","0",\N,\N,\N,"2022-04-01","2023-03-31","74990: Non-trading company, 69102: Solicitors"
"88","partnership","NR7 0LQ","52.632658","1.335277","NR7 0LQ","2450.19","16200000",\N,"1","0",\N,\N,\N,"2023-04-01","2024-03-31","74990: Non-trading company, 69102: Solicitors"
"92","sole_trader","CO5 9SH","51.835786","0.724012","CO5 9SH","301.30","120000",\N,\N,\N,\N,\N,\N,\N,\N,"82990: Other business support service activities not elsewhere classified"
"98","private_limited","NR35 1EF","52.458102","1.434839","NR35 1EF","330.05","1800000","14","451100","147406",\N,\N,"1120000","2022-09-01","2023-08-31","58110: Book publishing"
"100","sole_trader","OX2 8PA","51.785272","-1.289647","OX2 8PA","63.50","60000",\N,\N,\N,\N,\N,\N,\N,\N,"74100: Specialised design activities"
"103","non_uk","PO BOX 758","39.376215","-77.154704","PO BOX 758","1136.83","100000","1","762","13889",\N,\N,"80000","2022-04-01","2023-03-31","64999: Financial intermediation not elsewhere classified"
"107","private_limited","CW6 0JQ","53.176922","-2.671860","CW6 0JQ","2067.78","600000",\N,\N,\N,\N,\N,\N,\N,\N,"42910: Construction of water projects"
"108","sole_trader","SS4 1TF","51.595178","0.703217","SS4 1TF","25.30","120000",\N,\N,\N,\N,\N,\N,\N,\N,"55100: Hotels and similar accommodation, 46439: Wholesale of radio and television goods and of electrical household appliances"
"112","private_limited","WR8 9DE","52.077411","-2.191319","WR8 9DE","426.51",\N,"6","719986","598710","809187","1016589","480000","2022-04-01","2023-03-31","46480: Wholesale of watches and jewellery, 47770: Retail sale of watches and jewellery in specialised stores, 47710: Retail sale of clothing in specialised stores, 46420: Wholesale of clothing and footwear"
"112","private_limited","WR8 9DE","52.077411","-2.191319","WR8 9DE","426.51",\N,"6","842122","709816","716885","958296","480000","2023-04-01","2024-03-31","46420: Wholesale of clothing and footwear, 46480: Wholesale of watches and jewellery, 47710: Retail sale of clothing in specialised stores, 47770: Retail sale of watches and jewellery in specialised stores"
"117","private_limited","NR31 0NW","52.589969","1.701650","NR31 0NW","25.30",\N,"181","6123050","1351545","2813970","17939376","14480000","2023-01-01","2023-12-31","49410: Freight transport by road"
"124","private_limited","CW2 6QH","53.078974","-2.458508","CW2 6QH","140.99",\N,"1","0","0",\N,\N,"80000","2023-03-01","2024-02-28","59120: Motion picture, video and television programme post-production activities, 59111: Motion picture production activities"
"124","private_limited","CW2 6QH","53.078974","-2.458508","CW2 6QH","140.99",\N,"1","40719","0",\N,\N,"80000","2022-02-22","2023-02-21","59111: Motion picture production activities, 59120: Motion picture, video and television programme post-production activities"
"135","private_limited","NR18 0WZ","52.575652","1.136481","NR18 0WZ","47449.51","11000000",\N,\N,\N,\N,\N,\N,"2024-01-01","2024-12-31","62090: Other information technology service activities"
"135","private_limited","NR18 0WZ","52.575652","1.136481","NR18 0WZ","47449.51","11000000","113","1382994","1489515",\N,\N,"9040000","2023-01-01","2023-12-31","62090: Other information technology service activities"
"161","private_limited","BD20 9LS","53.915973","-1.940268","BD20 9LS","99.60","60000","1","90113","0",\N,\N,"80000","2023-01-01","2023-12-31","59113: Television programme production activities"
"162","sole_trader","NR27 9JN","52.921237","1.277079","NR27 9JN","646.30","300000",\N,\N,\N,\N,\N,\N,"2023-06-01","2024-05-31","70229: Management consultancy activities other than financial management"
"162","sole_trader","NR27 9JN","52.921237","1.277079","NR27 9JN","646.30","300000",\N,"1","0",\N,\N,\N,"2022-06-01","2023-05-31","70229: Management consultancy activities other than financial management"
"173","private_limited","SL5 7QP","51.418120","-0.647447","SL5 7QP","28.75","120000",\N,"5067","0",\N,\N,\N,"2023-08-01","2024-07-31","90030: Artistic creation"
"173","private_limited","SL5 7QP","51.418120","-0.647447","SL5 7QP","28.75","120000",\N,"5435","0",\N,\N,\N,"2022-08-01","2023-07-31","90030: Artistic creation"
"178","private_limited","NW11 8DE","51.565147","-0.196009","NW11 8DE","266.80","240000",\N,\N,\N,\N,\N,\N,"2024-01-01","2024-12-31","70229: Management consultancy activities other than financial management"
"178","private_limited","NW11 8DE","51.565147","-0.196009","NW11 8DE","266.80","240000","4","1130508","34337",\N,\N,"320000","2023-01-01","2023-12-31","70229: Management consultancy activities other than financial management"
"193","private_limited","BR1 2TE","51.412291","0.036811","BR1 2TE","174.90","60000",\N,"500","0",\N,\N,\N,"2022-04-01","2023-03-31","70229: Management consultancy activities other than financial management, 64999: Financial intermediation not elsewhere classified"
"193","private_limited","BR1 2TE","51.412291","0.036811","BR1 2TE","174.90","60000",\N,"13643","0",\N,\N,\N,"2023-04-01","2024-03-31","70229: Management consultancy activities other than financial management, 64999: Financial intermediation not elsewhere classified"
"199","private_limited","EH23 4NX","55.866567","-2.994027","EH23 4NX","196.75","60000",\N,\N,\N,\N,\N,\N,"2023-04-01","2024-03-31","90040: Operation of arts facilities, 90020: Support activities to performing arts"
"199","private_limited","EH23 4NX","55.866567","-2.994027","EH23 4NX","196.75","60000","6","366167","154296",\N,\N,"480000","2022-04-01","2023-03-31","90040: Operation of arts facilities, 90020: Support activities to performing arts"
"202","private_limited","IP24 2RY","52.407950","0.865721","IP24 2RY","2854.44",\N,"15","6998000","180000","2170000","3132000","1200000","2023-01-01","2023-12-31","25990: Manufacture of other fabricated metal products"
"214","sole_trader","EH12 6BX","55.949541","-3.241306","EH12 6BX","129.88","60000",\N,\N,\N,\N,\N,\N,\N,\N,"71111: Architectural activities, 41100: Development of building projects"
"217","private_limited","IP29 5SB","52.222391","0.673278","IP29 5SB","98.90",\N,"2","4998","6595",\N,\N,"160000","2022-07-01","2023-06-30","18129: Printing not elsewhere classified"
"217","private_limited","IP29 5SB","52.222391","0.673278","IP29 5SB","98.90",\N,"2","12533","17074",\N,\N,"160000","2023-07-01","2024-06-30","18129: Printing not elsewhere classified"
"220","private_limited","NG11 6HH","52.890435","-1.150943","NG11 6HH","559.30","360000",\N,\N,\N,\N,\N,\N,"2024-01-01","2024-12-31","18129: Printing not elsewhere classified"
"220","private_limited","NG11 6HH","52.890435","-1.150943","NG11 6HH","559.30","360000",\N,"24903","36142",\N,\N,\N,"2023-01-01","2023-12-31","18129: Printing not elsewhere classified"
"223","sole_trader","NR17 2AQ","52.519940","1.013268","NR17 2AQ","25.30","180000",\N,\N,\N,\N,\N,\N,\N,\N,"45200: Maintenance and repair of motor vehicles"
"225","private_limited","SW1H 9JJ","51.501202","-0.129981","SW1H 9JJ","461.94","300000","3","179032","0",\N,\N,"240000","2023-04-01","2024-03-31","47610: Retail sale of books in specialised stores, 58110: Book publishing"
"225","private_limited","SW1H 9JJ","51.501202","-0.129981","SW1H 9JJ","461.94","300000","3","185427","0",\N,\N,"240000","2022-04-01","2023-03-31","47610: Retail sale of books in specialised stores, 58110: Book publishing"
"227","private_limited","IP17 3BP","52.267683","1.529440","IP17 3BP","402.50","3750000","21","2461482","1111256",\N,\N,"1680000","2023-02-01","2024-01-31","42910: Construction of water projects"
"227","private_limited","IP17 3BP","52.267683","1.529440","IP17 3BP","402.50","3750000","23","2200344","843693",\N,\N,"1840000","2022-02-01","2023-01-31","42910: Construction of water projects"
"230","private_limited","GU24 8LB","51.351460","-0.607463","GU24 8LB","365.70","120000",\N,\N,\N,\N,\N,\N,"2023-04-01","2024-03-31","82990: Other business support service activities not elsewhere classified"
"230","private_limited","GU24 8LB","51.351460","-0.607463","GU24 8LB","365.70","120000","2","17703","21857",\N,\N,"160000","2022-04-01","2023-03-31","82990: Other business support service activities not elsewhere classified"
"231","private_limited","BS22 9RR","51.363636","-2.956650","BS22 9RR","104.50","1380000",\N,\N,\N,\N,\N,\N,"2023-10-01","2024-09-30","86900: Other human health activities"
"231","private_limited","BS22 9RR","51.363636","-2.956650","BS22 9RR","104.50","1380000","20","224856","103801",\N,\N,"1600000","2022-10-01","2023-09-30","86900: Other human health activities"
"243","private_limited","NR33 8EG","52.421880","1.697749","NR33 8EG","181.40","180000","2","12741","0",\N,\N,"160000","2023-04-01","2024-03-31","71129: Other engineering activities (not including engineering design for industrial process and production or engineering related scientific and technical consulting activities)"
"243","private_limited","NR33 8EG","52.421880","1.697749","NR33 8EG","181.40","180000","2","20657","0",\N,\N,"160000","2022-04-01","2023-03-31","71129: Other engineering activities (not including engineering design for industrial process and production or engineering related scientific and technical consulting activities)"
"268","private_limited","TR26 2JJ","50.208390","-5.496510","TR26 2JJ","174.36","180000","5","540674","10744",\N,\N,"400000","2022-04-01","2023-03-31","47760: Retail sale of flowers, plants, seeds, fertilizers, pet animals and pet food in specialised stores"
"268","private_limited","TR26 2JJ","50.208390","-5.496510","TR26 2JJ","174.36","180000","5","551637","9805",\N,\N,"400000","2023-04-01","2024-03-31","47760: Retail sale of flowers, plants, seeds, fertilizers, pet animals and pet food in specialised stores"
"269","private_limited","CO3 3LD","51.893322","0.892601","CO3 3LD","197.80",\N,"30","0","87000",\N,"2051000","2400000","2023-01-01","2023-12-31","68310: Other letting aReal estate agenciesnd operating of own or leased real estate, 68320: Management of real estate on a fee or contract basis"
"305","sole_trader","CO10 8NS","52.073533","0.575541","CO10 8NS","418.08","120000",\N,\N,\N,\N,\N,\N,\N,\N,"47760: Retail sale of flowers, plants, seeds, fertilizers, pet animals and pet food in specialised stores"
"309","private_limited","PE37 7XD","52.654659","0.685540","PE37 7XD","233592.32",\N,"30","2526495","3155019","2708728","10443608","2400000","2022-02-01","2023-01-31","79120: Tour operator activities"
"309","private_limited","PE37 7XD","52.654659","0.685540","PE37 7XD","233592.32",\N,"35","1628961","5065967","2890956","17274237","2800000","2023-02-01","2024-01-31","79120: Tour operator activities"
"315","private_limited","NR14 8HX","52.577697","1.213423","NR14 8HX","1645.25","300000","5","311045","193461",\N,\N,"400000","2023-04-01","2024-03-31","43210: Electrical installation"
"315","private_limited","NR14 8HX","52.577697","1.213423","NR14 8HX","1645.25","300000","5","321542","262335",\N,\N,"400000","2022-04-01","2023-03-31","43210: Electrical installation"
"321","private_limited","NR9 3BW","52.613080","1.141640","NR9 3BW","1586.72","660000",\N,\N,\N,\N,\N,\N,"2023-08-01","2024-07-31","43210: Electrical installation"
"321","private_limited","NR9 3BW","52.613080","1.141640","NR9 3BW","1586.72","660000","11","59436","65065",\N,\N,"880000","2022-08-01","2023-07-31","43210: Electrical installation"
"339","sole_trader","NR13 5FB","52.647298","1.411214","NR13 5FB","7.42","180000",\N,\N,\N,\N,\N,\N,\N,\N,"85590: Other education n.e.c., 46439: Wholesale of radio and television goods and of electrical household appliances"
"340","private_limited","NR34 9TL","52.456642","1.563465","NR34 9TL","1098.39","300000","3","68583","0",\N,\N,"240000","2023-04-01","2024-03-31","68320: Management of real estate on a fee or contract basis"
"340","private_limited","NR34 9TL","52.456642","1.563465","NR34 9TL","1098.39","300000","3","128533","0",\N,\N,"240000","2022-04-01","2023-03-31","68320: Management of real estate on a fee or contract basis"
"346","private_limited","TN13 1XR","51.273350","0.191180","TN13 1XR","50.60","360000","5","593","19990",\N,\N,"400000","2023-01-01","2023-12-31","86900: Other human health activities"
"349","private_limited","PE12 9LQ","52.799002","0.129309","PE12 9LQ","360.34","120000","1","134068","23609",\N,\N,"80000","2022-08-01","2023-07-31","43320: Joinery installation"
"355","private_limited","NR17 2QZ","52.511371","1.018857","NR17 2QZ","301.30","120000",\N,\N,\N,\N,\N,\N,"2023-09-01","2024-08-31","46730: Wholesale of wood, construction materials and sanitary equipment"
"355","private_limited","NR17 2QZ","52.511371","1.018857","NR17 2QZ","301.30","120000","2","44818","82225",\N,\N,"160000","2022-09-01","2023-08-31","46730: Wholesale of wood, construction materials and sanitary equipment"
"367","private_limited","NR3 1UB","52.634828","1.304724","NR3 1UB","351.90","1800000",\N,\N,\N,\N,\N,\N,\N,\N,"69102: Solicitors"
"378","private_limited","NR3 2AZ","52.650919","1.267905","NR3 2AZ","2126.85","700000","14","2065390","759121",\N,\N,"1120000","2022-03-01","2023-02-28","22290: Manufacture of other plastic products, 46760: Wholesale of other intermediate products"
"378","private_limited","NR3 2AZ","52.650919","1.267905","NR3 2AZ","2126.85","700000","15","2216328","746206",\N,\N,"1200000","2023-03-01","2024-02-29","22290: Manufacture of other plastic products, 46760: Wholesale of other intermediate products"
"392","private_limited","NR1 1NS","52.628623","1.304714","NR1 1NS","423.47","250000","2","3754","0",\N,\N,"160000","2022-12-01","2023-11-30","45190: Sale of other motor vehicles"
"404","private_limited","IP25 7DB","52.601588","0.779557","IP25 7DB","7384.40","300000","3","29958","0",\N,\N,"240000","2023-04-01","2024-03-31","82110: Combined office administrative service activities"
"404","private_limited","IP25 7DB","52.601588","0.779557","IP25 7DB","7384.40","300000","5","32579","0",\N,\N,"400000","2022-04-01","2023-03-31","82110: Combined office administrative service activities"
"429","private_limited","NR9 4PY","52.594066","0.981451","NR9 4PY","542.77",\N,"16","2918645","677188","3086422","21667656","1280000","2022-10-01","2023-09-30","46140: Agents involved in the sale of machinery, industrial equipment, ships and aircraft"
"435","private_limited","NR2 1DN","52.630376","1.293125","NR2 1DN","583.30",\N,"23","7353928","998623","5596042","80578916","1840000","2023-01-01","2023-12-31","46320: Wholesale of meat and meat products"
"437","private_limited","NR2 4AP","52.631594","1.287481","NR2 4AP","317.60",\N,"2","0","0",\N,\N,"160000","2022-08-01","2023-07-31","71129: Other engineering activities (not including engineering design for industrial process and production or engineering related scientific and technical consulting activities)"
"441","private_limited","NR10 5NU","52.728062","1.247586","NR10 5NU","3394.15","300000","11","58094","14971",\N,\N,"880000","2022-10-01","2023-09-30","43999: Other specialised construction activities n.e.c."
"453","private_limited","DD1 5AJ","56.463057","-2.982018","DD1 5AJ","1952.55","2100000","7","55593","0",\N,\N,"560000","2023-01-01","2023-12-31","69201: Accounting and auditing activities"
"454","private_limited","SW1Y 4LB","51.507619","-0.136611","SW1Y 4LB","8738.91","480000","8","2492404","474110",\N,\N,"640000","2022-05-01","2023-04-30","82200: Activities of call centres, 94990: Activities of other membership organisations"
"454","private_limited","SW1Y 4LB","51.507619","-0.136611","SW1Y 4LB","8738.91","480000","10","2838110","735186",\N,\N,"800000","2023-05-01","2024-04-30","82200: Activities of call centres, 94990: Activities of other membership organisations"
"455","private_limited","SM1 9BH","51.359919","-0.193024","SM1 9BH","2835.44",\N,"2","273092","258084",\N,"218104","160000","2022-08-01","2023-07-31","86900: Other human health activities"
"458","private_limited","MK3 5LH","51.988456","-0.774757","MK3 5LH","98.35","60000","1","0","11119",\N,\N,"80000","2023-04-01","2024-03-31","70229: Management consultancy activities other than financial management"
"458","private_limited","MK3 5LH","51.988456","-0.774757","MK3 5LH","98.35","60000","1","6642","1566",\N,\N,"80000","2022-04-01","2023-03-31","70229: Management consultancy activities other than financial management"
"461","private_limited","GU24 9PF","51.338793","-0.645303","GU24 9PF","71.09","60000",\N,\N,\N,\N,\N,\N,\N,\N,"47710: Retail sale of clothing in specialised stores"
"481","private_limited","NR13 5QN","52.627493","1.427601","NR13 5QN","75.90",\N,"2","107972","11355",\N,\N,"160000","2022-06-01","2023-05-31","68209: Other letting and operating of own or leased real estate"
"501","private_limited","IP25 6JU","52.571809","0.855222","IP25 6JU","439.30","660000","19","1374905","640149",\N,\N,"1520000","2022-04-01","2023-03-31","41201: Construction of commercial buildings"
"501","private_limited","IP25 6JU","52.571809","0.855222","IP25 6JU","439.30","660000","19","1703971","748209",\N,\N,"1520000","2023-04-01","2024-03-31","41201: Construction of commercial buildings"
"512","sole_trader","RG9 2AL","51.537558","-0.902914","RG9 2AL","317.60","60000",\N,\N,\N,\N,\N,\N,\N,\N,"69102: Solicitors"
"525","private_limited","IP141BE","52.184015","0.998672","IP141BE","25.30",\N,\N,"168991","147818",\N,\N,\N,"2022-04-01","2023-03-31","88990: Other social work activities without accommodation n.e.c., 88100: Social work activities without accommodation for the elderly and disabled"
"536","private_limited","KT11 2LF","51.332479","-0.408557","KT11 2LF","1386.61","600000","3","0","0",\N,\N,"240000","2022-11-01","2023-10-31","63120: Web portals, 58142: Publishing of consumer, business and professional journals and periodicals"
"536","private_limited","KT11 2LF","51.332479","-0.408557","KT11 2LF","1386.61","600000","3","0","0",\N,\N,"240000","2023-11-01","2024-10-31","63120: Web portals, 58142: Publishing of consumer, business and professional journals and periodicals"
"543","private_limited","PE31 7QN","52.874463","0.497966","PE31 7QN","1060.50",\N,"7","762337","0",\N,\N,"560000","2022-04-01","2023-03-31","62012: Business and domestic software development"
"543","private_limited","PE31 7QN","52.874463","0.497966","PE31 7QN","1060.50",\N,"8","875419","320733",\N,\N,"640000","2023-04-01","2024-03-31","62012: Business and domestic software development"
"562","non_profit","SE1 2AH","51.502054","-0.078637","SE1 2AH","8669.09",\N,"184","63303000","2440000",\N,"8158000","14720000","2023-01-01","2023-12-31","94910: Activities of religious organisations"
"576","private_limited","IP25 6EZ","52.574571","0.828284","IP25 6EZ","19959.50","2040000","29","1820462","738401",\N,\N,"2320000","2023-04-01","2024-03-31","43910: Roofing activities"
"576","private_limited","IP25 6EZ","52.574571","0.828284","IP25 6EZ","19959.50","2040000","36","1320680","165061",\N,\N,"2880000","2022-04-01","2023-03-31","43910: Roofing activities"
"581","private_limited","N10 2QE","51.595805","-0.133476","N10 2QE","481.85",\N,"2","37","37548",\N,\N,"160000","2022-11-01","2023-10-31","71111: Architectural activities"
"585","private_limited","IP31 3NN","52.260779","0.896669","IP31 3NN","573.79","300000","2","2564","0",\N,\N,"160000","2022-07-01","2023-06-30","41100: Development of building projects"
"591","school","N10 3JA","51.586735","-0.149255","N10 3JA","76.27",\N,"27",\N,"44034","34283","1456776","2160000","2022-04-01","2023-03-31","85200: Primary education"
"648","sole_trader","NR18 0WZ","52.575941","1.136302","NR18 0WZ","5.00","60000",\N,\N,\N,\N,\N,\N,\N,\N,"85510: Sports and recreation education"
"650","private_limited","NR15 1HJ","52.554915","1.365465","NR15 1HJ","811.90","360000","9","117288","124519",\N,\N,"720000","2022-04-01","2023-03-31","81222: Specialised cleaning services"
"650","private_limited","NR15 1HJ","52.554915","1.365465","NR15 1HJ","811.90","360000","9","123785","102861",\N,\N,"720000","2023-04-01","2024-03-31","81222: Specialised cleaning services"
"653","private_limited","CB6 2UF","52.436871","0.252706","CB6 2UF","830.00","420000","4","0","3000",\N,\N,"320000","2023-04-01","2024-03-31","43390: Other building completion and finishing"
"653","private_limited","CB6 2UF","52.436871","0.252706","CB6 2UF","830.00","420000","4","2008","1149",\N,\N,"320000","2022-04-01","2023-03-31","43390: Other building completion and finishing"
"671","private_limited","IP33 1HE","52.246331","0.715830","IP33 1HE","57.50",\N,"44","38633","0",\N,"646250","3520000","2022-04-01","2023-03-31","88100: Social work activities without accommodation for the elderly and disabled, 88990: Other social work activities without accommodation n.e.c."
"674","sole_trader","NR17 1LH","52.532200","0.988375","NR17 1LH","2102.01","120000",\N,\N,\N,\N,\N,\N,\N,\N,"81300: Landscape service activities"
"677","private_limited","NR12 7BY","52.679111","1.330146","NR12 7BY","57.50","180000",\N,\N,\N,\N,\N,\N,\N,\N,"93290: Other amusement and recreation activities"
"683","private_limited","IP24 2AP","52.414105","0.748967","IP24 2AP","3840.31","480000","10","226443","0",\N,\N,"800000","2022-04-01","2023-03-31","68310: Other letting aReal estate agenciesnd operating of own or leased real estate"
"683","private_limited","IP24 2AP","52.414105","0.748967","IP24 2AP","3840.31","480000","10","235741","0",\N,\N,"800000","2023-04-01","2024-03-31","68310: Other letting aReal estate agenciesnd operating of own or leased real estate"
"756","private_limited","M4 3AG","53.483573","-2.242980","M4 3AG","9221.50",\N,"135500","4059000000","214000000","1529000000","27877000000","10840000000","2023-03-03","2024-03-02","47110: Retail sale in non-specialised stores with food, beverages or tobacco predominating"
"756","private_limited","M4 3AG","53.483573","-2.242980","M4 3AG","9221.50",\N,"148100","4684000000","272000000","1085000000","26693000000","11848000000","2022-03-05","2023-03-04","47110: Retail sale in non-specialised stores with food, beverages or tobacco predominating"
"773","private_limited","YO17 6YA","54.126844","-0.818124","YO17 6YA","18.75",\N,"360","13579731","252352","7995145","51141782","28800000","2023-01-01","2023-12-31","10850: Manufacture of prepared meals and dishes"
"776","sole_trader","DN20 8RR","53.566402","-0.462118","DN20 8RR","311.05","120000",\N,\N,\N,\N,\N,\N,\N,\N,"96020: Hairdressing and other beauty treatment"
"788","private_limited","N3 1XW","51.603116","-0.192079","N3 1XW","111.58","300000","2","55819","59878",\N,\N,"160000","2022-10-01","2023-09-30","93120: Activities of sport clubs"
"789","private_limited","PE3 9RE","52.579846","-0.273671","PE3 9RE","438.45",\N,"10","70056","6650",\N,\N,"800000","2022-12-01","2023-11-30","47210: Retail sale of fruit and vegetables in specialised stores, 56210: Event catering activities"
"795","private_limited","CR3 6PH","51.289834","-0.076604","CR3 6PH","2500.38","300000","2","4446812","341601",\N,\N,"160000","2023-01-01","2023-12-31","68100: Buying and selling of own real estate"
"797","private_limited","WC2B 5QR","51.177774","-2.614458","BA4 4AG","281.57",\N,\N,\N,\N,\N,\N,\N,"2024-01-01","2024-12-31","58190: Other publishing activities"
"797","private_limited","WC2B 5QR","51.177774","-2.614458","BA4 4AG","281.57",\N,"136","6374331","873776","5640233","16482939","10880000","2023-01-01","2023-12-31","58190: Other publishing activities"
"811","private_limited","HP5 3EF","51.710521","-0.609058","HP5 3EF","245.84","120000",\N,\N,\N,\N,\N,\N,"2022-06-01","2023-05-31","62012: Business and domestic software development"
"811","private_limited","HP5 3EF","51.710521","-0.609058","HP5 3EF","245.84","120000",\N,"23620",\N,\N,\N,\N,"2022-12-01","2023-11-30","62012: Business and domestic software development"
"811","private_limited","HP5 3EF","51.710521","-0.609058","HP5 3EF","245.84","120000",\N,"23620","0",\N,\N,\N,"2022-05-31","2023-11-30","62012: Business and domestic software development"
"820","sole_trader","SW15 2NU","51.463859","-0.208486","SW15 2NU","169.81","60000",\N,\N,\N,\N,\N,\N,\N,\N,"70229: Management consultancy activities other than financial management"
"822","private_limited","TN22 3EL","51.013217","0.078398","TN22 3EL","318.19","0","3","1213060","464743",\N,\N,"240000","2022-11-01","2023-10-31","62090: Other information technology service activities"
"838","private_limited","CB25 9AU","52.223620","0.226551","CB25 9AU","148.32","480000",\N,\N,\N,\N,\N,\N,\N,\N,"98000: Residents property management"
"842","private_limited","NR6 6BB","52.667659","1.275100","NR6 6BB","4353.46","2940000","65","10973","3215",\N,\N,"5200000","2023-04-01","2024-03-31","69201: Accounting and auditing activities"
"842","private_limited","NR6 6BB","52.667659","1.275100","NR6 6BB","4353.46","2940000","68","57987","14103",\N,\N,"5440000","2022-04-01","2023-03-31","69201: Accounting and auditing activities"
"843","sole_trader","",\N,\N,\N,"123.60","60000",\N,\N,\N,\N,\N,\N,\N,\N,"62020: Information technology consultancy activities"
"854","private_limited","EN2 9BP","51.678708","-0.096149","EN2 9BP","351.60","360000",\N,"77871",\N,\N,\N,\N,"2023-01-01","2023-12-31","74990: Non-trading company"
"876","private_limited","NR2 1QH","52.627823","1.293051","NR2 1QH","25570.00",\N,"80","3797721","1208543","5955144","8135694","6400000","2023-01-01","2023-12-31","86900: Other human health activities"
"891","private_limited","CB24 5NE","52.317584","0.021710","CB24 5NE","85.84","684000","1","682742","0",\N,\N,"80000","2022-04-01","2023-03-31","70229: Management consultancy activities other than financial management"
"894","private_limited","IP25 6ND","52.565274","0.763521","IP25 6ND","25.30",\N,"80","4685228","171658","7659628","18550120","6400000","2022-09-01","2023-08-31","96090: Other service activities n.e.c."
"899","private_limited","NR1 1UA","52.624901","1.320018","NR1 1UA","2495.33","1200000",\N,\N,\N,\N,\N,\N,"2023-08-01","2024-07-31","99999: Dormant Company"
"899","private_limited","NR1 1UA","52.624901","1.320018","NR1 1UA","2495.33","1200000",\N,"100","100",\N,\N,\N,"2022-07-01","2023-07-31","99999: Dormant Company"
"899","private_limited","NR1 1UA","52.624901","1.320018","NR1 1UA","2495.33","1200000",\N,"100","100",\N,\N,\N,"2022-08-01","2023-07-31","99999: Dormant Company"
"902","private_limited","NR162FB","52.437753","0.939302","NR162FB","576465.12",\N,"288","16852708","1601044",\N,"63445410","23040000","2023-01-01","2023-12-31","10920: Manufacture of prepared pet foods, 10910: Manufacture of prepared feeds for farm animals"
"912","private_limited","NR104FG","52.769658","1.120264","NR104FG","276.00","600000","5","12643","0",\N,\N,"400000","2022-04-01","2023-03-31","93120: Activities of sport clubs"
"912","private_limited","NR104FG","52.769658","1.120264","NR104FG","276.00","600000","6","22160","0",\N,\N,"480000","2023-04-01","2024-03-31","93120: Activities of sport clubs"
"914","private_limited","NR18 9AU","52.563701","1.117373","NR18 9AU","1643.96",\N,"63","2498000","1799000","2185000","6927000","5040000","2022-03-29","2023-02-28","74909: Other professional, scientific and technical activities not elsewhere classified"
"922","private_limited","NR17 2AH","52.518311","1.017889","NR17 2AH","146.15","300000",\N,\N,\N,\N,\N,\N,\N,\N,"99999: Dormant Company"
"932","private_limited","IP21 4XQ","52.438961","1.219554","IP21 4XQ","101.85","4440000","71","514345","693463",\N,\N,"5680000","2022-07-01","2023-06-30","43999: Other specialised construction activities n.e.c."
"932","private_limited","IP21 4XQ","52.438961","1.219554","IP21 4XQ","101.85","4440000","80","622890","689278",\N,\N,"6400000","2023-07-01","2024-06-30","43999: Other specialised construction activities n.e.c."
"946","private_limited","NR17 2AT","52.514005","1.023121","NR17 2AT","204.90","300000",\N,\N,\N,\N,\N,\N,\N,\N,"69202: Bookkeeping activities"
"963","private_limited","ME1 3QX","51.353172","0.497488","ME1 3QX","345.00","4880000","28","7850","88316",\N,\N,"2240000","2023-01-01","2023-12-31","46660: Wholesale of other office machinery and equipment, 46520: Wholesale of electronic and telecommunications equipment and parts"
"1019","private_limited","IP25 6PP","52.553735","0.863030","IP25 6PP","292.30",\N,\N,\N,\N,\N,\N,\N,\N,\N,"99999: Dormant Company"
"1041","private_limited","BR6 8RL","51.357456","0.105092","BR6 8RL","25.30","300000",\N,"18269","14004",\N,\N,\N,"2022-09-01","2023-08-31","56101: Licensed restaurants"
"1065","private_limited","IP17 3BP","52.267683","1.529440","IP17 3BP","93.65","180000","3","5631","5390",\N,\N,"240000","2022-02-01","2023-01-31","55209: Other holiday and other short-stay accommodation (not including holiday centres and villages or youth hostels)"
"1065","private_limited","IP17 3BP","52.267683","1.529440","IP17 3BP","93.65","180000","3","14532","0",\N,\N,"240000","2023-02-01","2024-01-31","55209: Other holiday and other short-stay accommodation (not including holiday centres and villages or youth hostels)"
"1073","sole_trader","IP26 5HQ","52.512102","0.657097","IP26 5HQ","301.30","480000",\N,\N,\N,\N,\N,\N,\N,\N,"55100: Hotels and similar accommodation"
"1083","non_profit","NR17 2NT","52.524623","1.034806","NR17 2NT","1075.13","300000",\N,\N,\N,\N,\N,\N,\N,\N,"72200: Research and experimental development on social sciences and humanities"
"1084","private_limited","NR1 2DH","52.615401","1.307662","NR1 2DH","7701.95","150000000",\N,\N,\N,\N,\N,\N,"2023-04-01","2024-03-31","56103: Take-away food shops and mobile food stands, 56103: Take away food shops and mobile food stands"
"1084","private_limited","NR1 2DH","52.615401","1.307662","NR1 2DH","7701.95","150000000","5","32494","0",\N,\N,"400000","2022-04-01","2023-03-31","56103: Take away food shops and mobile food stands, 56103: Take-away food shops and mobile food stands"
"1089","private_limited","NR18 9SB","52.564763","1.107088","NR18 9SB","545.00","300000","4","127349","0",\N,\N,"320000","2022-02-01","2023-01-31","47789: Other retail sale of new goods in specialised stores (other than by opticians or commercial art galleries)"
"1089","private_limited","NR18 9SB","52.564763","1.107088","NR18 9SB","545.00","300000","4","127805","9418",\N,\N,"320000","2023-02-01","2024-01-31","47789: Other retail sale of new goods in specialised stores (other than by opticians or commercial art galleries)"
"1123","sole_trader","IP25 6QD","52.557983","0.875314","IP25 6QD","232.30","180000",\N,\N,\N,\N,\N,\N,\N,\N,"56302: Public houses and bars"
"1127","private_limited","NR3 2BY","52.647198","1.264403","NR3 2BY","573.15",\N,"2","3022","5711",\N,\N,"160000","2023-04-01","2024-03-31","46760: Wholesale of other intermediate products"
"1127","private_limited","NR3 2BY","52.647198","1.264403","NR3 2BY","573.15",\N,"3","11336","20358",\N,\N,"240000","2022-04-01","2023-03-31","46760: Wholesale of other intermediate products"
"1140","private_limited","NR1 1BY","52.628322","1.301307","NR1 1BY","25.30","120000","2","10900","0",\N,\N,"160000","2022-04-01","2023-03-31","86220: Specialist medical practice activities"
"1140","private_limited","NR1 1BY","52.628322","1.301307","NR1 1BY","25.30","120000","4","11799","0",\N,\N,"320000","2023-04-01","2024-03-31","86220: Specialist medical practice activities"
"1156","private_limited","NR3 1DJ","52.633955","1.293453","NR3 1DJ","13351.24","2100000",\N,\N,\N,\N,\N,\N,"2023-11-01","2024-10-31","78109: Other activities of employment placement agencies"
"1156","private_limited","NR3 1DJ","52.633955","1.293453","NR3 1DJ","13351.24","2100000","10","37750","27572",\N,\N,"800000","2022-11-01","2023-10-31","78109: Other activities of employment placement agencies"
"1162","sole_trader","CB8 8GP","52.241328","0.412178","CB8 8GP","109.30","60000",\N,\N,\N,\N,\N,\N,"2022-09-01","2023-08-31","46610: Wholesale of agricultural machinery, equipment and supplies"
"1178","partnership","NR19 1DW","52.680756","0.939798","NR19 1DW","34243.59","9000000","155","1318291","3040",\N,\N,"12400000","2022-10-01","2024-03-31","69102: Solicitors"
"1181","private_limited","KA6 5HW","55.480182","-4.566548","KA6 5HW","41.99",\N,\N,\N,\N,\N,\N,\N,"2023-04-01","2024-03-31","75000: Veterinary activities, 72190: Other research and experimental development on natural sciences and engineering, 85310: General secondary education"
"1181","private_limited","KA6 5HW","55.480182","-4.566548","KA6 5HW","41.99",\N,"1228","23415000","22058000",\N,"91690000","98240000","2022-04-01","2023-03-31","75000: Veterinary activities, 72190: Other research and experimental development on natural sciences and engineering, 85310: General secondary education"
"1199","private_limited","CM24 8SN","51.894164","0.196766","CM24 8SN","276.00","3000000",\N,\N,\N,\N,\N,\N,\N,\N,"46439: Wholesale of radio and television goods and of electrical household appliances, 20302: Manufacture of printing ink"
"1200","private_limited","RG20 7BN","51.510603","-1.386894","RG20 7BN","245.29","120000",\N,\N,\N,\N,\N,\N,"2023-08-01","2024-07-31","41100: Development of building projects, 62020: Information technology consultancy activities"
"1200","private_limited","RG20 7BN","51.510603","-1.386894","RG20 7BN","245.29","120000","2","145263","0",\N,\N,"160000","2022-08-01","2023-07-31","41100: Development of building projects, 62020: Information technology consultancy activities"
"1202","private_limited","EC3R 7PD","51.509065","-0.082897","EC3R 7PD","18957.00",\N,\N,\N,\N,\N,\N,\N,"2024-01-01","2024-12-31","65120: Non-life insurance, 65202: Non-life reinsurance, 66220: Activities of insurance agents and brokers"
"1202","private_limited","EC3R 7PD","51.509065","-0.082897","EC3R 7PD","18957.00",\N,"2564","9342000","164484000",\N,"262855000","205120000","2023-01-01","2023-12-31","65120: Non-life insurance, 65202: Non-life reinsurance, 66220: Activities of insurance agents and brokers"
"1208","partnership","NR15 2RR","52.474781","1.250551","NR15 2RR","824.55","60000",\N,\N,\N,\N,\N,\N,"2023-07-01","2024-06-30","68209: Other letting and operating of own or leased real estate"
"1208","partnership","NR15 2RR","52.474781","1.250551","NR15 2RR","824.55","60000","4","876899","12343",\N,\N,"320000","2022-07-01","2023-06-30","68209: Other letting and operating of own or leased real estate"
"1230","private_limited","NR18 0WY","52.576466","1.138341","NR18 0WY","91.80","3750000",\N,\N,\N,\N,\N,\N,"2024-01-01","2024-12-31","45112: Sale of used cars and light motor vehicles"
"1230","private_limited","NR18 0WY","52.576466","1.138341","NR18 0WY","91.80","3750000","27","4481894","3251647",\N,\N,"2160000","2023-01-01","2023-12-31","45112: Sale of used cars and light motor vehicles"
"1233","private_limited","NR7 8TL","52.654523","1.308946","NR7 8TL","3680.28",\N,\N,\N,\N,\N,\N,\N,"2023-10-01","2024-09-30","68209: Other letting and operating of own or leased real estate, 70100: Activities of head offices"
"1233","private_limited","NR7 8TL","52.654523","1.308946","NR7 8TL","3680.28",\N,"33","18147041","16612","5774528","6481700","2640000","2022-10-01","2023-09-30","68209: Other letting and operating of own or leased real estate, 70100: Activities of head offices"
"1236","private_limited","CV12 9NZ","52.477735","-1.466292","CV12 9NZ","91.50","60000",\N,\N,\N,\N,\N,\N,"2023-10-01","2024-09-30","70229: Management consultancy activities other than financial management, 85310: General secondary education"
"1236","private_limited","CV12 9NZ","52.477735","-1.466292","CV12 9NZ","91.50","60000","1","35118","0",\N,\N,"80000","2022-10-01","2023-09-30","70229: Management consultancy activities other than financial management, 85310: General secondary education"
"1260","private_limited","TW18 5AR","51.433039","-0.503143","TW18 5AR","171.45","300000",\N,\N,\N,\N,\N,\N,\N,\N,"99999: Dormant Company"
"1274","private_limited","NR18 0QB","52.571161","1.112766","NR18 0QB","11296.66",\N,\N,\N,\N,\N,\N,\N,"2023-06-01","2024-05-31","93120: Activities of sport clubs"
"1274","private_limited","NR18 0QB","52.571161","1.112766","NR18 0QB","11296.66",\N,"7","0","3999","59488","85408","560000","2022-06-01","2023-05-31","93120: Activities of sport clubs"
"1279","private_limited","NR18 0YE","52.572425","1.130657","NR18 0YE","71.15",\N,"1","10155","0",\N,\N,"80000","2022-03-01","2023-02-28","43210: Electrical installation"
"1279","private_limited","NR18 0YE","52.572425","1.130657","NR18 0YE","71.15",\N,"1","22026","9906",\N,\N,"80000","2023-03-01","2024-02-29","43210: Electrical installation"
"1288","private_limited","NR6 6HQ","52.671013","1.291359","NR6 6HQ","13718.72","960000","16","677997","551425",\N,\N,"1280000","2022-08-01","2023-07-31","96090: Other service activities n.e.c."
"1346","private_limited","NR3 1RT","52.632626","1.299257","NR3 1RT","345.00","1890740",\N,\N,\N,\N,\N,\N,\N,\N,"69201: Accounting and auditing activities"
"1359","private_limited","NR6 5AP","52.645192","1.258220","NR6 5AP","66372.00",\N,"251","25011291","3044636","21173638","85898001","20080000","2022-01-01","2023-03-31","20200: Manufacture of pesticides and other agrochemical products"
"1359","private_limited","NR6 5AP","52.645192","1.258220","NR6 5AP","66372.00",\N,"259","19557311","1915866","3556159","48198056","20720000","2023-04-01","2024-03-31","20200: Manufacture of pesticides and other agrochemical products"
"1362","private_limited","NR18 9QY","52.562386","1.143282","NR18 9QY","33216.79",\N,"196","25866305","757569","20865230","143613028","15680000","2022-10-01","2023-09-30","46120: Agents involved in the sale of fuels, ores, metals and industrial chemicals"
"1366","private_limited","NR5 9JF","52.642841","1.209640","NR5 9JF","5386.49",\N,"78","10751000","503000","6661000","10709000","6240000","2022-04-01","2023-03-31","86900: Other human health activities"
"1373","private_limited","BS39 5BW","51.316917","-2.542392","BS39 5BW","146.15",\N,"2","143332","132381",\N,\N,"160000","2023-04-01","2024-03-31","70229: Management consultancy activities other than financial management"
"1373","private_limited","BS39 5BW","51.316917","-2.542392","BS39 5BW","146.15",\N,"2","202224","200867",\N,\N,"160000","2022-04-01","2023-03-31","70229: Management consultancy activities other than financial management"
"1389","government","NR18 0AD","52.571408","1.110554","NR18 0AD","301.30","180000",\N,\N,\N,\N,\N,\N,\N,\N,"84110: General public administration activities"
"1402","private_limited","IP25 6TJ","52.570293","0.867769","IP25 6TJ","4950.33","2100000","22","352422","51386",\N,\N,"1760000","2022-09-01","2023-08-31","43290: Other construction installation\
"
"1405","private_limited","NR10 5NX","52.731009","1.240458","NR10 5NX","19078.28","120000","1","33424","36916",\N,\N,"80000","2022-07-01","2023-06-30","74901: Environmental consulting activities"
"1415","sole_trader","PE12 9LG","52.794675","0.127377","PE12 9LG","510.63","60000",\N,\N,\N,\N,\N,\N,\N,\N,"33190: Repair of other equipment"
"1434","private_limited","NR1 2EN","52.612984","1.308529","NR1 2EN","39764.37",\N,"244","11300502","173967","17805814","143030055","19520000","2022-02-01","2023-01-31","46610: Wholesale of agricultural machinery, equipment and supplies"
"1434","private_limited","NR1 2EN","52.612984","1.308529","NR1 2EN","39764.37",\N,"285","11773738","3513817","21603455","177597918","22800000","2023-02-01","2024-01-31","46610: Wholesale of agricultural machinery, equipment and supplies"
"1439","private_limited","NR6 5NQ","52.665860","1.266992","NR6 5NQ","291.60",\N,\N,\N,\N,\N,\N,\N,\N,\N,"45200: Maintenance and repair of motor vehicles"
"1444","private_limited","NR27 9LL","52.915509","1.293637","NR27 9LL","874.00","300000","5","269205","0",\N,\N,"400000","2022-04-01","2023-03-31","43999: Other specialised construction activities n.e.c."
"1444","private_limited","NR27 9LL","52.915509","1.293637","NR27 9LL","874.00","300000","5","286762","0",\N,\N,"400000","2023-04-01","2024-03-31","43999: Other specialised construction activities n.e.c."
"1458","private_limited","NR18 0AT","52.568888","1.112324","NR18 0AT","4097.07","300000","2","2554","1778",\N,\N,"160000","2023-04-01","2024-03-31","74909: Other professional, scientific and technical activities not elsewhere classified"
"1458","private_limited","NR18 0AT","52.568888","1.112324","NR18 0AT","4097.07","300000","2","15679","25584",\N,\N,"160000","2022-04-01","2023-03-31","74909: Other professional, scientific and technical activities not elsewhere classified"
"1459","private_limited","IP21 4XQ","52.438801","1.219679","IP21 4XQ","549.85","300000","7","970117","348716",\N,\N,"560000","2022-04-01","2023-03-31","77390: Renting and leasing of other machinery, equipment and tangible goods not elsewhere classified"
"1472","partnership","NR1 3GA","52.623372","1.294328","NR1 3GA","14215.00",\N,"54","461901","763","2081943","3349344","4320000","2022-05-01","2023-04-30","69102: Solicitors"
"1487","sole_trader","NR16 1AB","52.501584","1.117733","NR16 1AB","17023.77","1500000",\N,\N,\N,\N,\N,\N,\N,\N,"10120: Processing and preserving of poultry meat"
"1492","private_limited","NR9 4AB","52.626247","1.123593","NR9 4AB","7515.65","300000","4","28054","100",\N,\N,"320000","2023-01-01","2023-12-31","02400: Support services to forestry"
"1494","private_limited","NR28 0HD","52.822910","1.382251","NR28 0HD","59.34",\N,\N,"718970","0",\N,\N,\N,"2022-07-01","2023-06-30","55100: Hotels and similar accommodation"
"1509","non_profit","NR12 7JN","52.731674","1.356125","NR12 7JN","63543.07","2100000",\N,\N,\N,\N,\N,\N,\N,\N,"88910: Child day-care activities"
"1511","private_limited","NR30 1EQ","52.613000","1.737257","NR30 1EQ","4283.12","1800000","67","1126614","223499",\N,\N,"5360000","2023-05-01","2024-04-30","55100: Hotels and similar accommodation"
"1511","private_limited","NR30 1EQ","52.613000","1.737257","NR30 1EQ","4283.12","1800000","68","1191532","258439",\N,\N,"5440000","2022-05-01","2023-04-30","55100: Hotels and similar accommodation"
"1512","sole_trader","NR14 8ET","52.549333","1.205064","NR14 8ET","301.30","120000",\N,\N,\N,\N,\N,\N,\N,\N,"43390: Other building completion and finishing"
"1515","private_limited","NR20 5RW","52.780649","1.011756","NR20 5RW","412.96","360000",\N,"74783","124437",\N,\N,\N,"2023-03-01","2024-02-29","45200: Maintenance and repair of motor vehicles"
"1515","private_limited","NR20 5RW","52.780649","1.011756","NR20 5RW","412.96","360000","2","52654","0",\N,\N,"160000","2022-03-01","2023-02-28","45200: Maintenance and repair of motor vehicles"
"1517","private_limited","NR17 1DP","52.531169","0.862033","NR17 1DP","39.60","120000","2","2092767","229241",\N,\N,"160000","2022-07-01","2023-06-30","77320: Renting and leasing of construction and civil engineering machinery and equipment, 45200: Maintenance and repair of motor vehicles, 45112: Sale of used cars and light motor vehicles"
"1522","private_limited","IP6 8NZ","52.148157","1.061053","IP6 8NZ","19.78","900000","15","816383","598337",\N,\N,"1200000","2023-01-01","2023-12-31","25990: Manufacture of other fabricated metal products"
"1536","private_limited","NR35 2RA","52.469095","1.446300","NR35 2RA","362.10","300000","3","98161","0",\N,\N,"240000","2023-01-01","2023-12-31","68209: Other letting and operating of own or leased real estate, 41202: Construction of domestic buildings"
"1538","private_limited","NR4 7NN","52.612860","1.250719","NR4 7NN","109.90","300000",\N,"4667","5151",\N,\N,\N,"2022-07-01","2023-06-30","43320: Joinery installation"
"1558","private_limited","NR17 1QF","52.511213","1.038008","NR17 1QF","104.65","180000",\N,\N,\N,\N,\N,\N,\N,\N,"01500: Mixed farming, 46439: Wholesale of radio and television goods and of electrical household appliances"
"1562","private_limited","IP23 8JT","52.305874","1.037141","IP23 8JT","3525.33",\N,\N,"34316","2582",\N,\N,\N,"2023-07-01","2024-06-30","49410: Freight transport by road"
"1562","private_limited","IP23 8JT","52.305874","1.037141","IP23 8JT","3525.33",\N,"7","4928","3",\N,\N,"560000","2022-07-01","2023-06-30","49410: Freight transport by road"
"1563","sole_trader","NR1 2AN","52.620029","1.302293","NR1 2AN","34.50","60000",\N,\N,\N,\N,\N,\N,\N,\N,"70220: Business and other management consultancy activities"
"1581","sole_trader","CB8 8UY","52.192302","0.570097","CB8 8UY","340.90","60000",\N,\N,\N,\N,\N,\N,\N,\N,"56210: Event catering activities, 46439: Wholesale of radio and television goods and of electrical household appliances"
"1595","sole_trader","NR15 1HR","52.537994","1.366950","NR15 1HR","379.65","180000",\N,\N,\N,\N,\N,\N,\N,\N,"46360: Wholesale of sugar and chocolate and sugar confectionery"
"1597","private_limited","NR17 1EJ","52.494708","0.917420","NR17 1EJ","6616.65","54000000","41","1942270","7843",\N,\N,"3280000","2022-09-01","2023-08-31","70100: Activities of head offices"
"1605","private_limited","NR4 6FF","52.599138","1.280181","NR4 6FF","238.70",\N,"6","159755","191433",\N,\N,"480000","2022-10-01","2023-09-30","47990: Other retail sale not in stores, stalls or markets"
"1631","sole_trader","IP25 6GY","52.568313","0.854145","IP25 6GY","174.90","60000",\N,\N,\N,\N,\N,\N,\N,\N,"74200: Photographic activities"
"1639","private_limited","NR12 8UT","52.716043","1.409367","NR12 8UT","138.46","1200000",\N,\N,\N,\N,\N,\N,\N,\N,"32990: Other manufacturing not elsewhere classified"
"1667","private_limited","NR1 1SZ","52.630123","1.309291","NR1 1SZ","95111.89",\N,"163","58992","1049474",\N,"4550512","13040000","2022-04-01","2023-03-31","86900: Other human health activities"
"1670","private_limited","NR17 2QZ","52.511371","1.018857","NR17 2QZ","406.33","1740000","29","4376049","2114846",\N,\N,"2320000","2023-01-01","2023-12-31","24420: Aluminium production, 22220: Manufacture of plastic packing goods"
"1729","private_limited","NR17 2QZ","52.511403","1.018852","NR17 2QZ","89299.40","2100000",\N,\N,\N,\N,\N,\N,"2023-04-01","2024-03-31","32990: Other manufacturing not elsewhere classified"
"1729","private_limited","NR17 2QZ","52.511403","1.018852","NR17 2QZ","89299.40","2100000","17","367898","209168",\N,\N,"1360000","2022-09-01","2023-03-31","32990: Other manufacturing not elsewhere classified"
"1745","private_limited","IP20 9EH","52.396420","1.303452","IP20 9EH","10532.60","300000","2","33420","48008",\N,\N,"160000","2022-04-01","2023-03-31","25400: Manufacture of weapons and ammunition"
"1745","private_limited","IP20 9EH","52.396420","1.303452","IP20 9EH","10532.60","300000","2","287662","734080",\N,\N,"160000","2023-04-01","2024-03-31","25400: Manufacture of weapons and ammunition"
"1836","private_limited","NR2 1EU","52.629802","1.287569","NR2 1EU","10846.94","3840000",\N,\N,\N,\N,\N,\N,"2023-11-01","2024-10-31","69102: Solicitors"
"1836","private_limited","NR2 1EU","52.629802","1.287569","NR2 1EU","10846.94","3840000","65","630007","204",\N,\N,"5200000","2022-11-01","2023-10-31","69102: Solicitors"
"1855","private_limited","NR6 6BF","52.667454","1.274730","NR6 6BF","36900.00",\N,"117","12674000","1993000","4825000","25267000","9360000","2023-01-01","2023-12-31","28921: Manufacture of machinery for mining"
"1865","private_limited","NR12 8DB","52.712257","1.410612","NR12 8DB","43164.63",\N,"423","37459445","7242915","17630404","56518012","33840000","2022-01-29","2023-01-28","47110: Retail sale in non-specialised stores with food, beverages or tobacco predominating, 47190: Other retail sale in non-specialised stores"
"1865","private_limited","NR12 8DB","52.712257","1.410612","NR12 8DB","43164.63",\N,"424","37824854","7810860","18202600","56172195","33920000","2023-01-28","2024-01-27","47110: Retail sale in non-specialised stores with food, beverages or tobacco predominating, 47190: Other retail sale in non-specialised stores"
"1871","private_limited","NR1 2AH","52.619501","1.305755","NR1 2AH","2310.13",\N,"150","63338000","1000",\N,"13471000","12000000","2023-01-01","2023-12-31","66220: Activities of insurance agents and brokers"
"1873","private_limited","NR5 0JH","52.650870","1.175197","NR5 0JH","3190.55",\N,"74","16654525","1901502","8146631","35530384","5920000","2022-11-01","2023-10-31","10730: Manufacture of macaroni, noodles, couscous and similar farinaceous products"
"1960","private_limited","NR9 5ES","52.654074","1.152714","NR9 5ES","37265.34","14278000","53","163221000","8635000",\N,"12104000","4240000","2023-01-01","2023-12-31","94910: Activities of religious organisations"
"2001","private_limited","NR17 1DS","52.499271","0.926018","NR17 1DS","786.74","9000000","38","2474000","1023527",\N,\N,"3040000","2023-06-01","2024-05-31","93120: Activities of sport clubs"
"2001","private_limited","NR17 1DS","52.499271","0.926018","NR17 1DS","786.74","9000000","39","2484146","1553003",\N,\N,"3120000","2022-06-01","2023-05-31","93120: Activities of sport clubs"
"2222","sole_trader","NR9 4NT","52.563678","0.927826","NR9 4NT","849.95","120000",\N,\N,\N,\N,\N,\N,\N,\N,"69201: Accounting and auditing activities"
"2344","non_profit","NR2 1SD","52.624677","1.288810","NR2 1SD","1878.19","1000000",\N,"31300","0",\N,\N,\N,"2022-08-01","2023-07-31","85200: Primary education, 68100: Buying and selling of own real estate"
"2359","sole_trader","NR27 9JN","52.921237","1.277079","NR27 9JN","787.75","120000",\N,\N,\N,\N,\N,\N,\N,\N,"55300: Camping grounds, recreational vehicle parks and trailer parks, 55300: Recreational vehicle parks, trailer parks and camping grounds, 55900: Other accommodation, 55900: Other accommodation, 93290: Other amusement and recreation activities"
"2499","private_limited","NR10 4BG","52.772120","1.164816","NR10 4BG","96425.06",\N,"110","9513142","50390",\N,"38217909","8800000","2023-04-01","2024-03-31","11030: Manufacture of cider and other fruit wines, 11020: Manufacture of wine from grape"
"2499","private_limited","NR10 4BG","52.772120","1.164816","NR10 4BG","96425.06",\N,"115","9877836","69401",\N,"38460305","9200000","2022-04-01","2023-03-31","11020: Manufacture of wine from grape, 11030: Manufacture of cider and other fruit wines"
"2501","private_limited","NR1 1RE","52.626140","1.297572","NR1 1RE","117201.55","4500000","55","3162231","2578473",\N,\N,"4400000","2022-11-01","2023-10-31","74909: Other professional, scientific and technical activities not elsewhere classified"
"2503","private_limited","NR7 0TA","52.626460","1.373343","NR7 0TA","231651.03",\N,\N,"200246","1327189","11232053","11232053","224641060","2023-06-01","2024-05-31","87300: Residential care activities for the elderly and disabled, 70229: Management consultancy activities other than financial management"
"2503","private_limited","NR7 0TA","52.626460","1.373343","NR7 0TA","231651.03",\N,"5","185524","915649","9326803","9326803","400000","2022-06-01","2023-05-31","87300: Residential care activities for the elderly and disabled, 70229: Management consultancy activities other than financial management"
"2505","private_limited","IP1 1HQ","52.058034","1.150610","IP1 1HQ","268.36","2700000","43","2011602","208178",\N,\N,"3440000","2023-08-01","2024-07-31","70100: Activities of head offices"
"2505","private_limited","IP1 1HQ","52.058034","1.150610","IP1 1HQ","268.36","2700000","45","1726170","126770",\N,\N,"3600000","2022-08-01","2023-07-31","70100: Activities of head offices"
"2507","private_limited","NR18 0SW","52.586325","1.151406","NR18 0SW","962.65","900000","24","210225","60088",\N,\N,"1920000","2023-04-01","2024-03-31","69109: Activities of patent and copyright agents; other legal activities n.e.c."
"2507","private_limited","NR18 0SW","52.586325","1.151406","NR18 0SW","962.65","900000","24","277070","263591",\N,\N,"1920000","2022-04-01","2023-03-31","69109: Activities of patent and copyright agents; other legal activities n.e.c."
"2515","private_limited","NR10 4FE","52.773261","1.166560","NR10 4FE","30530.61","2100000","34","57535","181157",\N,\N,"2720000","2023-01-01","2023-12-31","32990: Other manufacturing not elsewhere classified"
"2523","private_limited","NR32 1XA","52.479107","1.758680","NR32 1XA","13226.25",\N,"73","565219","148875","1723849","9220849","5840000","2022-04-01","2023-03-31","33120: Repair of machinery"
"2525","private_limited","IP24 1HG","52.427597","0.746144","IP24 1HG","2586.21","300000","3","183562","0",\N,\N,"240000","2022-04-01","2023-03-31","82990: Other business support service activities not elsewhere classified"
"2525","private_limited","IP24 1HG","52.427597","0.746144","IP24 1HG","2586.21","300000","3","227459","142158",\N,\N,"240000","2023-04-01","2024-03-31","82990: Other business support service activities not elsewhere classified"
"2545","private_limited","IP8 4JU","52.100034","1.096732","IP8 4JU","99265.58","9000000","6","264679","0",\N,\N,"480000","2022-01-01","2023-05-31","64209: Activities of other holding companies n.e.c."
"2579","private_limited","NR3 3SA","52.635038","1.290090","NR3 3SA","10401.26",\N,"35","786333","953287",\N,"3023773","2800000","2022-07-01","2023-06-30","66300: Fund management activities"
"2579","private_limited","NR3 3SA","52.635038","1.290090","NR3 3SA","10401.26",\N,"39","1101400","1308725",\N,"3092522","3120000","2023-07-01","2024-06-30","66300: Fund management activities"
"2595","private_limited","NR1 1BY","52.628355","1.301398","NR1 1BY","1138.05","7500000","6","5162204","2174",\N,\N,"480000","2022-04-01","2023-03-31","69201: Accounting and auditing activities"
"2599","private_limited","NR16 2HE","52.446493","1.024189","NR16 2HE","41231.12",\N,\N,\N,\N,\N,\N,\N,\N,\N,"91040: Botanical and zoological gardens and nature reserve activities"
"2641","private_limited","NR9 4DD","52.637842","1.085422","NR9 4DD","17.81","2700000","2","1951166","106",\N,\N,"160000","2022-04-01","2023-03-31","70100: Activities of head offices"
"2732","private_limited","NR3 2RY","52.650274","1.280972","NR3 2RY","4122.00",\N,"116","9759338","6159440","13906900","13906900","9280000","2023-07-01","2024-06-30","64205: Activities of financial services holding companies"
"2732","private_limited","NR3 2RY","52.650274","1.280972","NR3 2RY","4122.00",\N,"117","9907096","6286762","13290322","13290322","9360000","2022-07-01","2023-06-30","64205: Activities of financial services holding companies"
"2931","private_limited","NR2 1AD","52.629949","1.295857","NR2 1AD","29231.50","3500000","43","328870","386550",\N,\N,"3440000","2023-01-01","2023-12-31","62090: Other information technology service activities"
"2938","private_limited","PE37 7XD","52.654861","0.687355","PE37 7XD","621.00",\N,"14","62693","26463",\N,\N,"1120000","2022-04-01","2023-03-31","33190: Repair of other equipment, 33200: Installation of industrial machinery and equipment"
"2938","private_limited","PE37 7XD","52.654861","0.687355","PE37 7XD","621.00",\N,"14","73548","4554",\N,\N,"1120000","2023-04-01","2024-03-31","33200: Installation of industrial machinery and equipment, 33190: Repair of other equipment"
"2952","private_limited","NR12 7DU","52.728319","1.366934","NR12 7DU","5158.03","360000","9","79200","0",\N,\N,"720000","2022-09-01","2023-08-31","82990: Other business support service activities not elsewhere classified"
"2986","private_limited","NR2 1DN","52.630376","1.293125","NR2 1DN","427.20","60000",\N,\N,\N,\N,\N,\N,\N,\N,"78300: Other human resources provision, 85600: Educational support activities"
"2988","private_limited","NR6 5AQ","52.660245","1.238968","NR6 5AQ","16903.18",\N,"16","346800","518753","1604975","1604975","1280000","2023-01-01","2024-03-31","64304: Activities of open-ended investment companies"
"3052","partnership","NR1 4DJ","52.630416","1.299735","NR1 4DJ","4349.95","4920000","86","2065334","594700",\N,\N,"6880000","2022-04-06","2023-04-05","69200: Accounting, bookkeeping and auditing activities, tax consultancy"
"3052","partnership","NR1 4DJ","52.630416","1.299735","NR1 4DJ","4349.95","4920000","92","2118983","83473",\N,\N,"7360000","2023-04-06","2024-04-05","69200: Accounting, bookkeeping and auditing activities, tax consultancy"
"3122","private_limited","CO12 5AE","51.908314","1.186559","CO12 5AE","301.30","300000",\N,\N,\N,\N,\N,\N,"2023-11-01","2024-10-31","52230: Service activities incidental to air transportation"
"3122","private_limited","CO12 5AE","51.908314","1.186559","CO12 5AE","301.30","300000","2","89516","109590",\N,\N,"160000","2022-11-01","2023-10-31","52230: Service activities incidental to air transportation"
"3204","school","NR25 7TN","52.943432","1.030762","NR25 7TN","2192.85","360000",\N,\N,\N,\N,\N,\N,\N,\N,"85100: Pre-primary education"
"3210","private_limited","IP26 5HX","52.521102","0.664348","IP26 5HX","3510.48","6595905",\N,\N,\N,\N,\N,\N,"2023-04-01","2024-03-31","10920: Manufacture of prepared pet foods"
"3210","private_limited","IP26 5HX","52.521102","0.664348","IP26 5HX","3510.48","6595905","30","219409","322369",\N,\N,"2400000","2022-04-01","2023-03-31","10920: Manufacture of prepared pet foods"
"3228","private_limited","NR4 6EQ","52.601918","1.287354","NR4 6EQ","3809.61",\N,"28","1811157","19014",\N,\N,"2240000","2023-03-01","2024-02-29","47110: Retail sale in non-specialised stores with food, beverages or tobacco predominating, 10821: Manufacture of cocoa, and chocolate confectionery"
"3228","private_limited","NR4 6EQ","52.601918","1.287354","NR4 6EQ","3809.61",\N,"30","1806313","1649",\N,\N,"2400000","2022-03-01","2023-02-28","47110: Retail sale in non-specialised stores with food, beverages or tobacco predominating, 10821: Manufacture of cocoa, and chocolate confectionery"
"3340","private_limited","PE31 7PL","52.879248","0.500887","PE31 7PL","217.41",\N,"2","5543","0",\N,\N,"160000","2022-04-01","2023-03-31","43910: Roofing activities"
"3340","private_limited","PE31 7PL","52.879248","0.500887","PE31 7PL","217.41",\N,"2","10308","0",\N,\N,"160000","2023-04-01","2024-03-31","43910: Roofing activities"
"3350","private_limited","NR13 6LH","52.674980","1.372760","NR13 6LH","3334.33","9180000","146","3282126","1458084",\N,\N,"11680000","2023-04-01","2024-03-31","32130: Manufacture of imitation jewellery and related articles, 47789: Other retail sale of new goods in specialised stores (other than by opticians or commercial art galleries), 47770: Retail sale of watches and jewellery in specialised stores"
"3350","private_limited","NR13 6LH","52.674980","1.372760","NR13 6LH","3334.33","9180000","153","3266213","1518673",\N,\N,"12240000","2022-04-01","2023-03-31","32130: Manufacture of imitation jewellery and related articles, 47770: Retail sale of watches and jewellery in specialised stores, 47789: Other retail sale of new goods in specialised stores (other than by opticians or commercial art galleries)"
"3366","private_limited","CM7 2PU","51.887949","0.532345","CM7 2PU","897.00","420000","7","452542","8896",\N,\N,"560000","2022-05-01","2023-04-30","47990: Other retail sale not in stores, stalls or markets"
"3366","private_limited","CM7 2PU","51.887949","0.532345","CM7 2PU","897.00","420000","7","453092","6146",\N,\N,"560000","2023-05-01","2024-04-30","47990: Other retail sale not in stores, stalls or markets"
"3440","private_limited","NR4 7LD","52.608196","1.250566","NR4 7LD","370.30","600000","22","287345","47841",\N,\N,"1760000","2022-11-01","2023-10-31","56101: Licensed restaurants, 56302: Public houses and bars"
"3480","private_limited","NR1 1PH","52.627272","1.300179","NR1 1PH","7204.56","300000","1","100436","0",\N,\N,"80000","2023-01-01","2023-12-31","88990: Other social work activities without accommodation n.e.c."
"3488","private_limited","NR7 0LQ","52.632658","1.335277","NR7 0LQ","1171.40","496250","2","77287","90865",\N,\N,"160000","2022-04-01","2023-03-31","82110: Combined office administrative service activities"
"3488","private_limited","NR7 0LQ","52.632658","1.335277","NR7 0LQ","1171.40","496250","3","45115","60337",\N,\N,"240000","2023-04-01","2024-03-31","82110: Combined office administrative service activities"
"3502","private_limited","NR7 0HF","52.626193","1.343815","NR7 0HF","14261.39","900000","10","781544","597176",\N,\N,"800000","2022-08-01","2023-07-31","64999: Financial intermediation not elsewhere classified"
"3526","private_limited","IP24 1HX","52.424009","0.745730","IP24 1HX","115655.26",\N,"97","1735038","432316","1930491","9105203","7760000","2023-01-01","2023-12-31","25620: Machining"
"3539","private_limited","NR5 9JJ","52.643880","1.214417","NR5 9JJ","20135.99",\N,"82","2732276","143369","3115796","9966298","6560000","2022-10-01","2023-09-30","18129: Printing not elsewhere classified, 17219: Manufacture of paper and paperboard containers other than sacks and bags"
"3571","private_limited","IP22 5UT","52.431251","1.158861","IP22 5UT","39.60","600000","7","29852","0",\N,\N,"560000","2022-04-01","2023-03-31","82990: Other business support service activities not elsewhere classified"
"3592","private_limited","PE34 3LW","52.744110","0.387542","PE34 3LW","59320.00","1800000",\N,\N,\N,\N,\N,\N,"2024-01-01","2024-12-31","10890: Manufacture of other food products"
"3592","private_limited","PE34 3LW","52.744110","0.387542","PE34 3LW","59320.00","1800000","30","723089","126648",\N,\N,"2400000","2023-01-01","2023-12-31","10890: Manufacture of other food products"
"3608","private_limited","PE37 8AE","52.634103","0.666919","PE37 8AE","646.30","1260000","20","3444223","191372",\N,\N,"1600000","2022-04-02","2023-04-01","01130: Growing of vegetables and melons, roots and tubers"
"3608","private_limited","PE37 8AE","52.634103","0.666919","PE37 8AE","646.30","1260000","22","3601310","1570728",\N,\N,"1760000","2023-03-31","2024-03-30","01130: Growing of vegetables and melons, roots and tubers"
"3616","sole_trader","NR1 3SP","52.623524","1.289182","NR1 3SP","519.90","180000",\N,\N,\N,\N,\N,\N,\N,\N,"96020: Hairdressing and other beauty treatment"
"3741","private_limited","NR18 0XJ","52.573051","1.127365","NR18 0XJ","6291.60",\N,\N,\N,\N,\N,\N,\N,\N,\N,"96090: Other service activities n.e.c."
"3742","private_limited","NR18 0RD","52.568228","1.124564","NR18 0RD","250.00","3120000","48","1641185","276567",\N,\N,"3840000","2023-01-01","2023-12-31","25110: Manufacture of metal structures and parts of structures"
"3754","private_limited","NR18 0QJ","52.569025","1.123167","NR18 0QJ","55190.68",\N,"81","2300166","42454","2344083","9102400","6480000","2022-06-01","2023-05-31","43290: Other construction installation\
"
"3770","private_limited","NR16 1ER","52.535986","1.181222","NR16 1ER","5852.96","3750000","38","1698237","58991",\N,\N,"3040000","2023-01-01","2023-12-31","82990: Other business support service activities not elsewhere classified"
"3788","partnership","NR18 0AJ","52.570665","1.111674","NR18 0AJ","4841.01",\N,"1","408912","27615",\N,\N,"80000","2022-03-01","2023-02-28","62020: Information technology consultancy activities"
"3788","partnership","NR18 0AJ","52.570665","1.111674","NR18 0AJ","4841.01",\N,"3","370385","0",\N,\N,"240000","2023-03-01","2024-02-29","62020: Information technology consultancy activities"
"3794","private_limited","CO5 9TU","51.838071","0.753301","CO5 9TU","108.10","2400000","28","0","66653",\N,\N,"2240000","2023-04-01","2024-03-31","56302: Public houses and bars"
"3794","private_limited","CO5 9TU","51.838071","0.753301","CO5 9TU","108.10","2400000","28","50173","110751",\N,\N,"2240000","2022-04-01","2023-03-31","56302: Public houses and bars"
"3814","private_limited","NR2 1RL","52.627154","1.289956","NR2 1RL","17173.21",\N,"237","6462957","9611496",\N,"19107351","18960000","2023-04-01","2024-03-31","90030: Artistic creation, 90010: Performing arts"
"3814","private_limited","NR2 1RL","52.627154","1.289956","NR2 1RL","17173.21",\N,"237","7597031","4033009",\N,"18389947","18960000","2022-04-03","2023-04-02","90030: Artistic creation, 90010: Performing arts"
"3827","private_limited","NR17 1LE","52.533769","0.976433","NR17 1LE","266.35","900000","6","171096","5296",\N,\N,"480000","2022-05-01","2023-04-30","56302: Public houses and bars"
"3874","private_limited","NN7 2QF","52.169456","-0.869234","NN7 2QF","36.80",\N,"10","1685781","16868",\N,\N,"800000","2023-05-01","2024-04-30","46900: Non-specialised wholesale trade"
"3874","private_limited","NN7 2QF","52.169456","-0.869234","NN7 2QF","36.80",\N,"12","1845743","10853",\N,\N,"960000","2022-05-01","2023-04-30","46900: Non-specialised wholesale trade"
"3889","sole_trader","IP22 2DR","52.416419","1.086434","IP22 2DR","301.30","60000",\N,\N,\N,\N,\N,\N,\N,\N,"46439: Wholesale of radio and television goods and of electrical household appliances, 87200: Residential care activities for learning disabilities, mental health and substance abuse"
"3903","private_limited","GL1 5AJ","51.854858","-2.247230","GL1 5AJ","301.30","100000","37","599502","313629",\N,\N,"2960000","2022-04-01","2023-03-31","87300: Residential care activities for the elderly and disabled"
"3903","private_limited","GL1 5AJ","51.854858","-2.247230","GL1 5AJ","301.30","100000","40","689674","490425",\N,\N,"3200000","2023-04-01","2024-03-31","87300: Residential care activities for the elderly and disabled"
"3919","sole_trader","IP21 4XY","52.449039","1.273066","IP21 4XY","132.40","60000",\N,\N,\N,\N,\N,\N,\N,\N,"01430: Raising of horses and other equines, 93191: Activities of racehorse owners, 46439: Wholesale of radio and television goods and of electrical household appliances"
"3935","partnership","SW11 3LY","51.478303","-0.171903","SW11 3LY","804.51","120000",\N,"1","0",\N,\N,\N,"2022-09-24","2023-09-23","41100: Development of building projects"
"3939","private_limited","IP20 9FB","52.398042","1.302721","IP20 9FB","257.60","120000","1","218","0",\N,\N,"80000","2022-10-01","2023-09-30","95220: Repair of household appliances and home and garden equipment"
"3977","private_limited","CM9 6AN","51.725796","0.673918","CM9 6AN","293.40","300000","2","1281","0",\N,\N,"160000","2022-04-01","2023-03-31","74901: Environmental consulting activities"
"3977","private_limited","CM9 6AN","51.725796","0.673918","CM9 6AN","293.40","300000","2","13633","0",\N,\N,"160000","2023-04-01","2024-03-31","74901: Environmental consulting activities"
"3983","private_limited","NR18 0WZ","52.575125","1.136138","NR18 0WZ","25.30","60000",\N,\N,\N,\N,\N,\N,\N,\N,"9305: Other service activities n.e.c."
"3985","sole_trader","CW7 4HA","53.163771","-2.548691","CW7 4HA","276.00","60000",\N,\N,\N,\N,\N,\N,\N,\N,"42110: Construction of roads and motorways"
"3989","private_limited","NR17 1DY","52.501452","0.917454","NR17 1DY","8113.82","180000","3","20943","0",\N,\N,"240000","2023-05-01","2024-04-30","95240: Repair of furniture and home furnishings"
"3989","private_limited","NR17 1DY","52.501452","0.917454","NR17 1DY","8113.82","180000","3","27470","0",\N,\N,"240000","2022-05-01","2023-04-30","95240: Repair of furniture and home furnishings"
"4009","private_limited","NR5 8BF","52.634356","1.256217","NR5 8BF","25.30","180000","3","837956","607153",\N,\N,"240000","2023-09-01","2024-08-31","82990: Other business support service activities not elsewhere classified, 65202: Non-life reinsurance, 65120: Non-life insurance, 65110: Life insurance"
"4009","private_limited","NR5 8BF","52.634356","1.256217","NR5 8BF","25.30","180000","3","838989","388088",\N,\N,"240000","2022-09-01","2023-08-31","82990: Other business support service activities not elsewhere classified, 65202: Non-life reinsurance, 65120: Non-life insurance, 65110: Life insurance"
"4051","private_limited","SW11 2QN","51.463958","-0.181042","SW11 2QN","330.05",\N,"1","9773","0",\N,\N,"80000","2022-10-01","2023-09-30","71111: Architectural activities"
"4067","sole_trader","NR34 9AB","52.457563","1.564277","NR34 9AB","50.60","0",\N,\N,\N,\N,\N,\N,\N,\N,"47640: Retail sale of sports goods, fishing gear, camping goods, boats and bicycles"
"4069","sole_trader","IP224HG","52.373334","1.120251","IP224HG","403.65","240000",\N,\N,\N,\N,\N,\N,\N,\N,"5010: Sale of motor vehicles"
"4087","private_limited","IP22 4QQ","52.378892","1.110341","IP22 4QQ","25.30",\N,"12","11487","35775",\N,\N,"960000","2022-11-01","2023-10-31","56101: Licensed restaurants"
"4097","government","AL7 1LA","51.799757","-0.191518","AL7 1LA","28.75","900000",\N,"100","0",\N,\N,\N,"2022-12-01","2023-11-30","84110: General public administration activities"
"4111","private_limited","EX23 8AY","50.830760","-4.544197","EX23 8AY","76.27","180000","6","172","4437",\N,\N,"480000","2023-04-01","2024-03-31","68209: Other letting and operating of own or leased real estate"
"4111","private_limited","EX23 8AY","50.830760","-4.544197","EX23 8AY","76.27","180000","6","926","2402",\N,\N,"480000","2022-04-01","2023-03-31","68209: Other letting and operating of own or leased real estate"
"4117","private_limited","IP22 2JN","52.377881","0.996763","IP22 2JN","50.60",\N,"10","1107466","42720",\N,\N,"800000","2022-08-01","2023-07-31","56302: Public houses and bars"
"4129","private_limited","NR18 0RR","52.595063","1.107372","NR18 0RR","183.70","1260000",\N,"24978",\N,\N,\N,\N,"2023-01-01","2023-12-31","68100: Buying and selling of own real estate"
"4274","private_limited","NR1 1QL","52.624169","1.301245","NR1 1QL","1073.41","180000","10","49371","0",\N,\N,"800000","2022-06-01","2023-05-31","87200: Residential care activities for learning disabilities, mental health and substance abuse"
"4278","private_limited","NR3 2BS","52.645729","1.263524","NR3 2BS","6171.99","600000","10","69533","23492",\N,\N,"800000","2023-01-01","2023-12-31","22190: Manufacture of other rubber products, 46760: Wholesale of other intermediate products"
"4296","private_limited","NR1 1BJ","52.627068","1.310154","NR1 1BJ","28325.00",\N,\N,\N,\N,\N,\N,\N,"2023-08-01","2024-07-31","82990: Other business support service activities not elsewhere classified"
"4296","private_limited","NR1 1BJ","52.627068","1.310154","NR1 1BJ","28325.00",\N,"88","3162489","1943435","3468083","4937836","7040000","2022-08-01","2023-07-31","82990: Other business support service activities not elsewhere classified"
"4304","private_limited","NR31 0ND","52.592917","1.709181","NR31 0ND","2347.72","1260000",\N,\N,\N,\N,\N,\N,\N,\N,\N
"4312","private_limited","NR13 6JY","52.666578","1.369090","NR13 6JY","23805.32",\N,"142","118679000","8643000","24441000","97699000","11360000","2023-01-01","2023-12-31","96090: Other service activities n.e.c."
"4332","private_limited","NR21 8NW","52.834480","0.865741","NR21 8NW","69961.99",\N,"83","1452571","1856","3988193","13270877","6640000","2023-01-01","2023-12-31","20411: Manufacture of soap and detergents, 96090: Other service activities n.e.c."
"4380","private_limited","NR1 3DY","52.627740","1.298617","NR1 3DY","36140.29","300000","3","60396","16809",\N,\N,"240000","2022-11-01","2023-10-31","62012: Business and domestic software development"
"4382","private_limited","NR18 0QJ","52.569025","1.123167","NR18 0QJ","561.20",\N,\N,\N,\N,\N,\N,\N,"2023-08-01","2024-07-31","94910: Activities of religious organisations"
"4382","private_limited","NR18 0QJ","52.569025","1.123167","NR18 0QJ","561.20",\N,"11","726986","66719",\N,"369873","880000","2022-08-01","2023-07-31","94910: Activities of religious organisations"
"4396","private_limited","NR3 2EU","52.652505","1.266011","NR3 2EU","199613.54",\N,"178","32086862","8043340","8549283","62843413","14240000","2023-01-01","2023-12-31","45111: Sale of new cars and light motor vehicles, 45320: Retail trade of motor vehicle parts and accessories"
"4400","private_limited","IP1 5AP","52.066280","1.111760","IP1 5AP","39.97",\N,\N,\N,\N,\N,\N,\N,\N,\N,"47599: Retail sale of furniture, lighting equipment and other household articles (other than musical instruments), in specialised stores"
"4464","private_limited","NR4 7UH","52.621874","1.222306","NR4 7UH","12343.81","600000","13","0","401841",\N,\N,"1040000","2022-04-01","2023-03-31","72110: Research and experimental development on biotechnology"
"4534","private_limited","NR3 1DD","52.632855","1.293591","NR3 1DD","1403.01",\N,"4","68963","25993",\N,\N,"320000","2022-10-01","2023-09-30","66290: Other activities auxiliary to insurance and pension funding, 66190: Activities auxiliary to financial intermediation not elsewhere classified"
"4546","private_limited","IP24 1NH","52.495483","0.875509","IP24 1NH","221.15",\N,"1","7380","0",\N,\N,"80000","2023-04-01","2024-03-31","93199: Other sports activities (not including activities of racehorse owners)"
"4546","private_limited","IP24 1NH","52.495483","0.875509","IP24 1NH","221.15",\N,"1","12541","0",\N,\N,"80000","2022-04-01","2023-03-31","93199: Other sports activities (not including activities of racehorse owners)"
"4590","private_limited","SW6 6JY","51.479574","-0.219434","SW6 6JY","148.32","300000",\N,\N,\N,\N,\N,\N,\N,\N,"85200: Primary education, 85510: Sports and recreation education"
"4598","private_limited","NR18 0RD","52.568501","1.124296","NR18 0RD","34573.80","4811540","26","4851771","1332487",\N,\N,"2080000","2023-01-01","2023-12-31","25110: Manufacture of metal structures and parts of structures"
"4602","private_limited","NR3 2BN","52.645878","1.264970","NR3 2BN","19305.38","480000",\N,\N,\N,\N,\N,\N,"2023-10-01","2024-09-30","43342: Glazing"
"4602","private_limited","NR3 2BN","52.645878","1.264970","NR3 2BN","19305.38","480000","8","247147","248385",\N,\N,"640000","2022-10-01","2023-09-30","43342: Glazing"
"4632","private_limited","NR2 1JT","52.629847","1.296943","NR2 1JT","617.05","180000","2","31869","34830",\N,\N,"160000","2022-04-01","2023-03-31","68310: Other letting aReal estate agenciesnd operating of own or leased real estate"
"4632","private_limited","NR2 1JT","52.629847","1.296943","NR2 1JT","617.05","180000","2","40353","41208",\N,\N,"160000","2023-04-01","2024-03-31","68310: Other letting aReal estate agenciesnd operating of own or leased real estate"
"4694","private_limited","NR17 1AN","52.513132","0.988819","NR17 1AN","3408.66",\N,"97","1939696","69467","4343901","13304294","7760000","2022-12-01","2023-11-30","43110: Demolition"
"4702","private_limited","NR14 8TZ","52.619083","1.359262","NR14 8TZ","52438.61","2100000","12","235385","109156",\N,\N,"960000","2022-02-01","2023-01-31","87300: Residential care activities for the elderly and disabled"
"4702","private_limited","NR14 8TZ","52.619083","1.359262","NR14 8TZ","52438.61","2100000","12","277938","316",\N,\N,"960000","2023-02-01","2024-01-31","87300: Residential care activities for the elderly and disabled"
"4740","private_limited","NR13 6PS","52.672109","1.372268","NR13 6PS","8173.43","1800000","25","306346","74328",\N,\N,"2000000","2022-09-01","2023-08-31","43210: Electrical installation, 80200: Security systems service activities"
"4746","private_limited","NR30 4DA","52.619323","1.727879","NR30 4DA","33108.90","1750000","17","810739","128956",\N,\N,"1360000","2022-04-01","2023-03-31","47789: Other retail sale of new goods in specialised stores (other than by opticians or commercial art galleries)"
"4746","private_limited","NR30 4DA","52.619323","1.727879","NR30 4DA","33108.90","1750000","19","878163","95245",\N,\N,"1520000","2023-04-01","2024-03-31","47789: Other retail sale of new goods in specialised stores (other than by opticians or commercial art galleries)"
"4816","private_limited","NR5 9JB","52.642506","1.213681","NR5 9JB","1341.43",\N,\N,\N,\N,\N,\N,\N,\N,\N,"28290: Manufacture of other general-purpose machinery, 28990: Manufacture of other special-purpose machinery"
"4870","private_limited","NR28 0AJ","52.829175","1.383629","NR28 0AJ","811.08","540000","10","333888","1418",\N,\N,"800000","2022-11-01","2023-10-31","33170: Repair and maintenance of other transport equipment"
"4879","private_limited","NR21 7DY","52.820481","0.825976","NR21 7DY","5134.85","0","22","2964452","913252",\N,\N,"1760000","2022-09-01","2023-08-31","38210: Treatment and disposal of non-hazardous waste, 42990: Construction of other civil engineering projects not elsewhere classified"
"4930","private_limited","NR14 8FU","52.554626","1.239243","NR14 8FU","19.80","1091520000","2","6439","0",\N,\N,"160000","2022-07-29","2023-07-28","64200: Activities of holding companies, 68100: Buying and selling of own real estate"
"4934","private_limited","NR3 2BN","52.645878","1.264970","NR3 2BN","436.10","300000","13","148587","32090",\N,\N,"1040000","2022-10-01","2023-09-30","43320: Joinery installation"
"4976","private_limited","NR14 8PA","52.568909","1.294551","NR14 8PA","173.62","240000",\N,\N,\N,\N,\N,\N,\N,\N,"43210: Electrical installation"
"5073","private_limited","NR16 2BS","52.447632","1.011256","NR16 2BS","797.00","60000","1","0","805",\N,\N,"80000","2023-04-01","2024-03-31","15120: Manufacture of luggage, handbags and the like, saddlery and harness"
"5073","private_limited","NR16 2BS","52.447632","1.011256","NR16 2BS","797.00","60000","2","18755","1520",\N,\N,"160000","2022-04-01","2023-03-31","15120: Manufacture of luggage, handbags and the like, saddlery and harness"
"5322","private_limited","NR2 2AD","52.618194","1.274153","NR2 2AD","360.77",\N,"34","3881249","223061","821433","1667823","2720000","2023-06-01","2024-05-31","87300: Residential care activities for the elderly and disabled"
"5322","private_limited","NR2 2AD","52.618194","1.274153","NR2 2AD","360.77",\N,"35","3466981","28502","545316","1258094","2800000","2022-06-01","2023-05-31","87300: Residential care activities for the elderly and disabled"
"5325","private_limited","NR2 2AD","52.618194","1.274153","NR2 2AD","583.65",\N,"706","21873145","438441","9101662","26006267","56480000","2022-06-01","2023-05-31","87300: Residential care activities for the elderly and disabled"
"5325","private_limited","NR2 2AD","52.618194","1.274153","NR2 2AD","583.65",\N,"808","21624720","675677","12466815","32334317","64640000","2023-06-01","2024-05-31","87300: Residential care activities for the elderly and disabled"
"5391","private_limited","NR28 0JQ","52.816555","1.366007","NR28 0JQ","7766.43","3240000","63","851507","67620",\N,\N,"5040000","2022-09-01","2023-08-31","93120: Activities of sport clubs"
"5410","private_limited","NR9 3NP","52.611976","1.180526","NR9 3NP","3013.48","6000000",\N,"785778","69560",\N,\N,\N,"2023-05-01","2024-04-30","10821: Manufacture of cocoa, and chocolate confectionery"
"5410","private_limited","NR9 3NP","52.611976","1.180526","NR9 3NP","3013.48","6000000","46","613938","71186",\N,\N,"3680000","2022-08-01","2023-07-31","10821: Manufacture of cocoa, and chocolate confectionery"
"5410","private_limited","NR9 3NP","52.611976","1.180526","NR9 3NP","3013.48","6000000","48","785778","69560",\N,\N,"3840000","2023-07-31","2024-04-30","10821: Manufacture of cocoa, and chocolate confectionery"
"5459","sole_trader","DN20 8RR","53.566402","-0.462118","DN20 8RR","106.15","60000",\N,\N,\N,\N,\N,\N,\N,\N,"82990: Other business support service activities not elsewhere classified"
"5469","private_limited","NR7 0WH","52.631876","1.373990","NR7 0WH","3051.64",\N,"93","2665426","154413","2515699","14527498","7440000","2023-01-01","2023-12-31","46310: Wholesale of fruit and vegetables"
"5530","private_limited","NR18 0SW","52.584601","1.147294","NR18 0SW","16405.53",\N,"16","326439","305578",\N,"629602","1280000","2022-04-01","2023-03-31","84120: Regulation of health care, education, cultural and other social services, not incl. social security"
"5530","private_limited","NR18 0SW","52.584601","1.147294","NR18 0SW","16405.53",\N,"17","325964","350422",\N,"742613","1360000","2023-04-01","2024-03-31","84120: Regulation of health care, education, cultural and other social services, not incl. social security"
"5551","private_limited","NR13 4DS","52.633837","1.436789","NR13 4DS","557.00","3780000","35","1453155","71054",\N,\N,"2800000","2022-04-01","2023-03-31","43991: Scaffold erection"
"5551","private_limited","NR13 4DS","52.633837","1.436789","NR13 4DS","557.00","3780000","35","1654457","31244",\N,\N,"2800000","2023-04-01","2024-03-31","43991: Scaffold erection"
"5563","private_limited","NR7 0SL","52.624677","1.368130","NR7 0SL","751.32","0","6","933508","9632",\N,\N,"480000","2022-10-01","2023-09-30","96090: Other service activities n.e.c."
"5608","private_limited","NR9 3AZ","52.589497","1.204452","NR9 3AZ","8263.14","13013820","43","604935","168680",\N,\N,"3440000","2022-10-01","2023-09-30","38320: Recovery of sorted materials"
"5656","sole_trader","WR14 4AA","52.114701","-2.329715","WR14 4AA","25.30","120000",\N,\N,\N,\N,\N,\N,\N,\N,"45112: Sale of used cars and light motor vehicles, 46439: Wholesale of radio and television goods and of electrical household appliances"
"5674","private_limited","NR6 6EG","52.673176","1.269394","NR6 6EG","88096.53",\N,"80","31192264","7002898",\N,"18609681","6400000","2022-07-01","2023-06-30","86900: Other human health activities"
"5786","private_limited","NR30 3QR","52.585560","1.734875","NR30 3QR","12850.00",\N,"10","486457","18415","570859","3517993","800000","2023-01-01","2023-12-31","78300: Other human resources provision"
"5842","private_limited","NR18 9QH","52.581831","1.057789","NR18 9QH","590.00","420000","18","660560","422531",\N,\N,"1440000","2023-01-01","2023-12-31","43999: Other specialised construction activities n.e.c."
"5870","private_limited","NR17 2BN","52.516008","1.015896","NR17 2BN","13881.16","300000","4","34585","44334",\N,\N,"320000","2022-08-01","2023-07-31","68310: Other letting aReal estate agenciesnd operating of own or leased real estate, 68320: Management of real estate on a fee or contract basis"
"5881","private_limited","NR2 4PE","52.630856","1.291062","NR2 4PE","731.90","1440000","33","809720","350169",\N,\N,"2640000","2022-04-01","2023-03-31","56101: Licensed restaurants"
"5881","private_limited","NR2 4PE","52.630856","1.291062","NR2 4PE","731.90","1440000","34","905787","223054",\N,\N,"2720000","2023-04-01","2024-03-31","56101: Licensed restaurants"
"5995","private_limited","NR18 0WZ","52.575941","1.136302","NR18 0WZ","111706.81","0","28","1012239","293836",\N,\N,"2240000","2023-01-01","2023-12-31","65120: Non-life insurance, 65202: Non-life reinsurance"
"6199","private_limited","IP21 4HD","52.372878","1.137793","IP21 4HD","1987.04","1200000","4","73694","0",\N,\N,"320000","2023-01-01","2023-12-31","47910: Retail sale via mail order houses or via Internet"
"6229","private_limited","EH23 4NX","55.866567","-2.994027","EH23 4NX","198.41","60000","1","23478","31177",\N,\N,"80000","2023-07-01","2024-06-30","46190: Agents involved in the sale of a variety of goods"
"6229","private_limited","EH23 4NX","55.866567","-2.994027","EH23 4NX","198.41","60000","1","24743","31178",\N,\N,"80000","2022-07-01","2023-06-30","46190: Agents involved in the sale of a variety of goods"
"6331","private_limited","NR7 0WG","52.629045","1.372635","NR7 0WG","2991.58","2700000","37","669380","245735",\N,\N,"2960000","2023-01-01","2023-12-31","66220: Activities of insurance agents and brokers"
"6340","private_limited","RG2 0LU","51.437664","-0.970007","RG2 0LU","9775.00",\N,"67","9472126","2139670","20841241","44108575","5360000","2023-01-01","2023-12-31","25110: Manufacture of metal structures and parts of structures"
"6404","private_limited","LN11 0LQ","53.378609","-0.004424","LN11 0LQ","589.95","300000",\N,\N,\N,\N,\N,\N,\N,\N,"43999: Other specialised construction activities n.e.c."
"6429","private_limited","NR20 3JG","52.680391","1.092799","NR20 3JG","105528.97","5000000","22","3260813","501883",\N,\N,"1760000","2022-04-01","2023-03-31","43290: Other construction installation\
"
"6429","private_limited","NR20 3JG","52.680391","1.092799","NR20 3JG","105528.97","5000000","22","3526037","942592",\N,\N,"1760000","2023-04-01","2024-03-31","43290: Other construction installation\
"
"6556","private_limited","NR17 1QF","52.511213","1.038008","NR17 1QF","1016.90","600000","3","1155647","3288",\N,\N,"240000","2022-04-01","2023-03-31","68209: Other letting and operating of own or leased real estate"
"6556","private_limited","NR17 1QF","52.511213","1.038008","NR17 1QF","1016.90","600000","3","1249981","67464",\N,\N,"240000","2023-04-01","2024-03-31","68209: Other letting and operating of own or leased real estate"
"6793","private_limited","NR18 0SW","52.584601","1.147294","NR18 0SW","12240.00","3336160","19","463067","604545",\N,\N,"1520000","2023-07-01","2024-06-30","64999: Financial intermediation not elsewhere classified"
"6793","private_limited","NR18 0SW","52.584601","1.147294","NR18 0SW","12240.00","3336160","19","467673","580070",\N,\N,"1520000","2022-07-01","2023-06-30","64999: Financial intermediation not elsewhere classified"
"6952","private_limited","IP25 6NG","52.567488","0.803934","IP25 6NG","9016.05",\N,"48","1770015","370212",\N,\N,"3840000","2023-01-01","2023-12-31","38110: Collection of non-hazardous waste"
"7033","private_limited","IP25 7AA","52.581223","0.797046","IP25 7AA","137802.04",\N,"108","9091060","872500","9939742","41229973","8640000","2023-01-01","2023-12-31","10910: Manufacture of prepared feeds for farm animals, 10920: Manufacture of prepared pet foods, 46210: Wholesale of grain, unmanufactured tobacco, seeds and animal feeds"
"7139","private_limited","NR17 2AT","52.514005","1.023121","NR17 2AT","5901.70","2100000","34","1081328","1888227",\N,\N,"2720000","2023-04-01","2024-03-31","43290: Other construction installation\
"
"7139","private_limited","NR17 2AT","52.514005","1.023121","NR17 2AT","5901.70","2100000","35","999240","514453",\N,\N,"2800000","2022-04-01","2023-03-31","43290: Other construction installation\
"
"7285","private_limited","NR3 1AB","52.632430","1.294256","NR3 1AB","42891.09","1800000","38","3274627","181352",\N,\N,"3040000","2023-01-01","2023-12-31","66220: Activities of insurance agents and brokers"
"7370","private_limited","SW1Y 6JE","51.508226","-0.136672","SW1Y 6JE","620.83","240000",\N,"0","1127",\N,\N,\N,"2023-04-01","2024-03-31","41100: Development of building projects, 35110: Production of electricity"
"7370","private_limited","SW1Y 6JE","51.508226","-0.136672","SW1Y 6JE","620.83","240000",\N,"278727","1297",\N,\N,\N,"2022-04-01","2023-03-31","41100: Development of building projects, 35110: Production of electricity"
"7454","private_limited","NR18 0QJ","52.569025","1.123167","NR18 0QJ","241.50",\N,"11","726986","66719",\N,"369873","880000","2022-08-01","2023-07-31","94910: Activities of religious organisations"
"7466","private_limited","NR32 2HD","52.477636","1.731316","NR32 2HD","1449.90",\N,"28","3806000","1199000","3698000","12323000","2240000","2022-10-01","2023-09-30","23610: Manufacture of concrete products for construction purposes, 71200: Technical testing and analysis, 71129: Other engineering activities (not including engineering design for industrial process and production or engineering related scientific and technical consulting activities)"
"7550","private_limited","NR31 0NA","52.594978","1.718026","NR31 0NA","19389.12","700000","11","376495","29489",\N,\N,"880000","2023-01-01","2023-12-31","82990: Other business support service activities not elsewhere classified"
"7779","private_limited","IP22 2SP","52.393385","0.957887","IP22 2SP","3068.13",\N,"106","19209000","5774132","6496850","22158731","8480000","2022-11-01","2023-10-31","43999: Other specialised construction activities n.e.c."
"7800","private_limited","NR18 0SW","52.584984","1.147667","NR18 0SW","8937.25",\N,"5","3073523","827703",\N,\N,"400000","2022-11-01","2023-10-31","68100: Buying and selling of own real estate"
"7848","private_limited","NR31 7BP","52.577854","1.714789","NR31 7BP","153.58","420000","9","31051","83844",\N,\N,"720000","2023-09-01","2024-08-31","88990: Other social work activities without accommodation n.e.c."
"7848","private_limited","NR31 7BP","52.577854","1.714789","NR31 7BP","153.58","420000","9","71203","6493",\N,\N,"720000","2022-09-01","2023-08-31","88990: Other social work activities without accommodation n.e.c."
"7878","private_limited","NR2 1JA","52.629462","1.294655","NR2 1JA","37375.50","2100000","19","2554863","1659",\N,\N,"1520000","2022-04-01","2023-03-31","47770: Retail sale of watches and jewellery in specialised stores"
"7881","private_limited","NR31 0NL","52.596226","1.713958","NR31 0NL","20485.37","780000","14","2043018","298920",\N,\N,"1120000","2022-09-01","2023-08-31","28131: Manufacture of pumps"
"7884","private_limited","NR31 0NT","52.594700","1.704011","NR31 0NT","1080.00","1750000","13","306230","157670",\N,\N,"1040000","2022-04-01","2023-03-31","43999: Other specialised construction activities n.e.c."
"7884","private_limited","NR31 0NT","52.594700","1.704011","NR31 0NT","1080.00","1750000","13","369146","620048",\N,\N,"1040000","2023-04-01","2024-03-31","43999: Other specialised construction activities n.e.c."
"7923","private_limited","NR31 9HR","52.545951","1.634575","NR31 9HR","341.03",\N,\N,\N,\N,\N,\N,\N,\N,\N,"61900: Other telecommunications activities"
"7926","private_limited","NR31 9BE","52.539502","1.724804","NR31 9BE","296.64",\N,"245","9540774","7296169",\N,"22584114","19600000","2022-04-01","2023-03-31","94110: Activities of business and employers membership organisations"
"7932","private_limited","NR31 6RL","52.581082","1.728089","NR31 6RL","81.16",\N,"12","3558130","2079600",\N,\N,"960000","2022-08-01","2023-07-31","78200: Temporary employment agency activities"
"7965","private_limited","NR31 0NG","52.589306","1.707619","NR31 0NG","7129.48","1560000",\N,\N,\N,\N,\N,\N,"2024-01-01","2024-12-31","28131: Manufacture of pumps, 77390: Renting and leasing of other machinery, equipment and tangible goods not elsewhere classified"
"7965","private_limited","NR31 0NG","52.589306","1.707619","NR31 0NG","7129.48","1560000","26","3358800","2053381",\N,\N,"2080000","2023-01-01","2023-12-31","28131: Manufacture of pumps, 77390: Renting and leasing of other machinery, equipment and tangible goods not elsewhere classified"
"7977","private_limited","NR6 6HG","52.670550","1.290947","NR6 6HG","11313.99","2040000","32","443001","14345",\N,\N,"2560000","2023-05-01","2024-04-30","46310: Wholesale of fruit and vegetables"
"7977","private_limited","NR6 6HG","52.670550","1.290947","NR6 6HG","11313.99","2040000","34","438217","22900",\N,\N,"2720000","2022-05-01","2023-04-30","46310: Wholesale of fruit and vegetables"
"7995","private_limited","NR31 6QT","52.577745","1.728078","NR31 6QT","9289.52","300000","4","572327","0",\N,\N,"320000","2022-11-01","2023-10-31","82990: Other business support service activities not elsewhere classified"
"7998","private_limited","NR34 7BF","52.437696","1.603936","NR34 7BF","32156.03","10726677","64","6351149","1229945","977539","10726677","5120000","2022-08-01","2023-07-31","41201: Construction of commercial buildings, 41202: Construction of domestic buildings"
"8037","sole_trader","NR35 1DD","52.455340","1.435964","NR35 1DD","158.55","180000",\N,\N,\N,\N,\N,\N,\N,\N,"41202: Construction of domestic buildings"
"8073","private_limited","NR31 0NQ","52.589951","1.709235","NR31 0NQ","50.60","300000","31","4986024","2556998",\N,\N,"2480000","2022-08-01","2023-07-31","82990: Other business support service activities not elsewhere classified"
"8076","private_limited","NR31 0NG","52.589677","1.707761","NR31 0NG","11000.22","2520000","52","316474","902282",\N,\N,"4160000","2023-01-01","2023-12-31","46140: Agents involved in the sale of machinery, industrial equipment, ships and aircraft, 28990: Manufacture of other special-purpose machinery"
"8088","private_limited","NR14 8RF","52.575889","1.320333","NR14 8RF","1857.49","120000","1","181343","114251",\N,\N,"80000","2022-08-01","2023-07-31","68209: Other letting and operating of own or leased real estate"
"8142","private_limited","IP24 3AG","52.412828","0.744251","IP24 3AG","591.25","180000","1","4127","0",\N,\N,"80000","2022-10-01","2023-09-30","62090: Other information technology service activities"
"8219","private_limited","NR2 4EE","52.638922","1.273573","NR2 4EE","8401.94",\N,"19","2592000","2269000","1875000","6846000","1520000","2023-01-01","2023-12-31","47910: Retail sale via mail order houses or via Internet, 43290: Other construction installation\
"
"8330","private_limited","NR6 6XW","52.663730","1.272780","NR6 6XW","1756.08","1920000","11","997250","123754",\N,\N,"880000","2023-01-01","2023-12-31","45111: Sale of new cars and light motor vehicles"
"8525","private_limited","IP24 1HP","52.426958","0.734155","IP24 1HP","21026.45","3116425","18","1194719","439395",\N,\N,"1440000","2022-09-01","2023-08-31","18129: Printing not elsewhere classified"
"8542","private_limited","L40 8JY","53.598493","-2.863955","L40 8JY","505.81","600000",\N,\N,\N,\N,\N,\N,"2023-09-01","2024-08-31","82990: Other business support service activities not elsewhere classified"
"8542","private_limited","L40 8JY","53.598493","-2.863955","L40 8JY","505.81","600000","7","184261","2988",\N,\N,"560000","2022-09-01","2023-08-31","82990: Other business support service activities not elsewhere classified"
"8775","private_limited","NR11 8QJ","52.895830","1.374680","NR11 8QJ","624.59","4000000","4","84937","3929",\N,\N,"320000","2023-01-01","2023-12-31","47990: Other retail sale not in stores, stalls or markets"
"8778","private_limited","G71 6NZ","55.815537","-4.066446","G71 6NZ","8122.05",\N,"94","0","799347","4003840","25628949","7520000","2023-04-01","2024-03-31","46390: Non-specialised wholesale of food, beverages and tobacco"
"8778","private_limited","G71 6NZ","55.815537","-4.066446","G71 6NZ","8122.05",\N,"103","0","951419","5086613","32969151","8240000","2022-04-01","2023-03-31","46390: Non-specialised wholesale of food, beverages and tobacco"
"8836","private_limited","NR25 6TS","52.886785","1.131510","NR25 6TS","202.84","300000",\N,\N,\N,\N,\N,\N,"2023-02-01","2024-02-28","64209: Activities of other holding companies n.e.c."
"9021","private_limited","NR9 4AR","52.622718","1.104958","NR9 4AR","25400.10",\N,"8","3965846","1228019",\N,\N,"640000","2022-09-01","2023-08-31","77390: Renting and leasing of other machinery, equipment and tangible goods not elsewhere classified"
"9147","private_limited","NR7 0HS","52.629066","1.365260","NR7 0HS","67.74","9000000",\N,\N,\N,\N,\N,\N,\N,\N,"61900: Other telecommunications activities"
"9250","private_limited","NR2 1AT","52.629417","1.293334","NR2 1AT","35988.18","625000","43","746492","224676",\N,\N,"3440000","2022-07-01","2023-06-30","78200: Temporary employment agency activities"
"9291","private_limited","NR30 3LA","52.599722","1.729330","NR30 3LA","3678.00",\N,\N,\N,\N,\N,\N,\N,\N,\N,"18129: Printing not elsewhere classified"
"9339","government","NR18 0AD","52.571408","1.110554","NR18 0AD","305.19","720000",\N,\N,\N,\N,\N,\N,\N,\N,"84110: General public administration activities"
"9354","sole_trader","NR28 0UX","52.823548","1.382256","NR28 0UX","243.75","60000",\N,\N,\N,\N,\N,\N,\N,\N,"70220: Business and other management consultancy activities"
"9382","private_limited","NR34 8TS","52.439962","1.561560","NR34 8TS","113.52",\N,"841","57412000","4080000","41652000","101485000","67280000","2022-10-01","2023-09-30","22220: Manufacture of plastic packing goods"
"9445","partnership","GU24 8LB","51.351460","-0.607463","GU24 8LB","704.82","240000",\N,\N,\N,\N,\N,\N,\N,\N,"86210: General medical practice activities"
"9462","private_limited","NR7 0TA","52.626435","1.373320","NR7 0TA","5352.00","1489070","27","213601","3224",\N,\N,"2160000","2022-08-01","2023-07-31","71122: Engineering related scientific and technical consulting activities"
"9471","private_limited","IP22 2LR","52.404390","0.997714","IP22 2LR","621.00","120000","2","22","6968",\N,\N,"160000","2022-04-01","2023-03-31","47910: Retail sale via mail order houses or via Internet"
"9502","private_limited","NR9 5ES","52.654074","1.152714","NR9 5ES","1282.11",\N,"5","0","151469",\N,\N,"400000","2023-01-01","2023-12-31","81100: Combined facilities support activities"
"9514","private_limited","SE24 0PB","51.454144","-0.108634","SE24 0PB","569.96",\N,"134","7151798","390307","4464715","10664115","10720000","2022-04-01","2023-03-31","58142: Publishing of consumer, business and professional journals and periodicals"
"9594","private_limited","NR18 0AJ","52.570624","1.111650","NR18 0AJ","5695.79",\N,"13","423871","8738",\N,\N,"1040000","2022-11-01","2023-10-31","47770: Retail sale of watches and jewellery in specialised stores"
"9796","private_limited","NR18 9JL","52.545900","1.081104","NR18 9JL","1940.00","240000",\N,\N,\N,\N,\N,\N,"2023-09-01","2024-08-31","18129: Printing not elsewhere classified"
"9796","private_limited","NR18 9JL","52.545900","1.081104","NR18 9JL","1940.00","240000","4","31848","285",\N,\N,"320000","2022-09-01","2023-08-31","18129: Printing not elsewhere classified"
"10019","partnership","CB2 1NL","52.197857","0.129195","CB2 1NL","32668.00",\N,"309","13136244","2307911",\N,"31320941","24720000","2022-05-01","2023-04-30","69102: Solicitors"
"10019","partnership","CB2 1NL","52.197857","0.129195","CB2 1NL","32668.00",\N,"324","12969214","1990068",\N,"31444413","25920000","2023-05-01","2024-03-31","69102: Solicitors"
"10200","government","WV99 1NP","52.671355","-2.420272","WV99 1NP","96000.00","600000000",\N,\N,\N,\N,\N,\N,\N,\N,"84110: General public administration activities"
"10223","private_limited","NR7 9AR","52.647723","1.331048","NR7 9AR","8958.14","493565","7","159595","116374",\N,\N,"560000","2022-11-01","2023-10-31","18129: Printing not elsewhere classified"
"10229","private_limited","NR16 2QH","52.435415","0.939294","NR16 2QH","710.50","120000","2","9709","0",\N,\N,"160000","2022-04-01","2023-03-31","82990: Other business support service activities not elsewhere classified, 49320: Taxi operation"
"10284","private_limited","NR4 7HW","52.629105","1.250284","NR4 7HW","25.30","60000","1","1802","6485",\N,\N,"80000","2022-05-01","2023-04-30","49410: Freight transport by road"
"10379","private_limited","NR35 2NS","52.494251","1.373662","NR35 2NS","11421.54",\N,"11","470084","73505",\N,\N,"880000","2022-05-01","2023-04-30","25990: Manufacture of other fabricated metal products"
"10379","private_limited","NR35 2NS","52.494251","1.373662","NR35 2NS","11421.54",\N,"11","508414","0",\N,\N,"880000","2023-05-01","2024-04-30","25990: Manufacture of other fabricated metal products"
"10545","private_limited","NR9 4PZ","52.596290","0.987420","NR9 4PZ","1045.30","300000",\N,"633","0",\N,\N,\N,"2022-12-01","2023-11-30","43910: Roofing activities"
"10548","private_limited","IP25 6SD","52.584869","0.844715","IP25 6SD","388.40","60000","1","83248","0",\N,\N,"80000","2022-04-01","2023-03-31","82990: Other business support service activities not elsewhere classified"
"10548","private_limited","IP25 6SD","52.584869","0.844715","IP25 6SD","388.40","60000","2","104578","0",\N,\N,"160000","2023-04-01","2024-03-31","82990: Other business support service activities not elsewhere classified"
"10774","private_limited","NR31 7RA","52.555837","1.713007","NR31 7RA","24.72","240000","1","5000","0",\N,\N,"80000","2022-07-01","2023-06-30","81299: Cleaning services (other than disinfecting and extermination services), 81210: General cleaning of buildings"
"10801","private_limited","NR3 2AT","52.644679","1.261169","NR3 2AT","2625.30","720000","18","487267","292294",\N,\N,"1440000","2023-04-01","2024-03-31","31090: Manufacture of other furniture"
"10801","private_limited","NR3 2AT","52.644679","1.261169","NR3 2AT","2625.30","720000","19","796639","436938",\N,\N,"1520000","2022-04-01","2023-03-31","31090: Manufacture of other furniture"
"10819","private_limited","NR18 9TN","52.562653","1.044338","NR18 9TN","7857.30","300000","14","230568","304290",\N,\N,"1120000","2022-06-01","2023-05-31","01290: Growing of other perennial crops, 01300: Plant propagation"
"10937","private_limited","PE32 1JA","52.692318","0.612592","PE32 1JA","79346.34",\N,"104","9321576","4017594","16915833","35301052","8320000","2022-03-01","2023-02-28","46420: Wholesale of clothing and footwear, 47721: Retail sale of footwear in specialised stores"
"10937","private_limited","PE32 1JA","52.692318","0.612592","PE32 1JA","79346.34",\N,"134","10319236","1805966","16920024","36112492","10720000","2023-03-01","2024-03-31","46420: Wholesale of clothing and footwear, 47721: Retail sale of footwear in specialised stores"
"11003","private_limited","NR31 7RU","52.556515","1.713466","NR31 7RU","5594.37","900000","20","1368960","818654",\N,\N,"1600000","2023-04-01","2024-03-31","62012: Business and domestic software development"
"11003","private_limited","NR31 7RU","52.556515","1.713466","NR31 7RU","5594.37","900000","24","1327583","825063",\N,\N,"1920000","2022-04-01","2023-03-31","62012: Business and domestic software development"
"11039","private_limited","NR16 2PX","52.434533","0.935336","NR16 2PX","54.05","300000",\N,\N,\N,\N,\N,\N,\N,\N,"82990: Other business support service activities not elsewhere classified, 70229: Management consultancy activities other than financial management"
"11098","private_limited","NR10 5NU","52.728062","1.247586","NR10 5NU","140.21",\N,"2","1485773","0","769317","974121","160000","2022-04-01","2023-03-31","43991: Scaffold erection, 42110: Construction of roads and motorways"
"11098","private_limited","NR10 5NU","52.728062","1.247586","NR10 5NU","140.21",\N,"9","2657546","519668","1524116","2015665","720000","2023-04-01","2024-03-31","43991: Scaffold erection, 42110: Construction of roads and motorways"
"11312","private_limited","NR35 2RU","52.460318","1.451246","NR35 2RU","142.40","1800000",\N,"121954","110711","458968","1512529","9179360","2023-04-01","2024-03-31","70100: Activities of head offices, 64204: Activities of distribution holding companies"
"11312","private_limited","NR35 2RU","52.460318","1.451246","NR35 2RU","142.40","1800000",\N,"273997","146241","503248","1497658","10064960","2022-04-01","2023-03-31","64204: Activities of distribution holding companies, 70100: Activities of head offices"
"11363","school","NR32 4PZ","52.496892","1.730988","NR32 4PZ","3582.84",\N,"107",\N,"860153","0","8729280","8560000","2022-04-01","2023-03-31","85310 : General secondary education"
"11458","private_limited","IP32 6BS","52.259991","0.708926","IP32 6BS","8121.65",\N,\N,\N,\N,\N,\N,\N,\N,\N,"28990: Manufacture of other special-purpose machinery"
"11612","private_limited","NR2 1DZ","52.630399","1.287678","NR2 1DZ","8745.00",\N,"100","909793","1622705",\N,"4463978","8000000","2023-04-01","2024-03-31","94990: Activities of other membership organisations, 88100: Social work activities without accommodation for the elderly and disabled"
"11612","private_limited","NR2 1DZ","52.630399","1.287678","NR2 1DZ","8745.00",\N,"117","1189821","1513915",\N,"4889562","9360000","2022-04-01","2023-03-31","94990: Activities of other membership organisations, 88100: Social work activities without accommodation for the elderly and disabled"
"11758","private_limited","NR2 4SX","52.630598","1.297645","NR2 4SX","244211.36",\N,"1740","6136901","69501","11657917","45826563","139200000","2023-07-01","2024-06-30","78200: Temporary employment agency activities, 86900: Other human health activities"
"11758","private_limited","NR2 4SX","52.630598","1.297645","NR2 4SX","244211.36",\N,"1782","5533376","101092","10350495","45298614","142560000","2022-07-01","2023-06-30","78200: Temporary employment agency activities, 86900: Other human health activities"
"13336","private_limited","EC1A 4NP","51.518251","-0.099086","EC1A 4NP","300.00",\N,\N,\N,\N,\N,\N,\N,\N,\N,"63990: Other information service activities n.e.c."
"15044","private_limited","NR1 1PG","52.627448","1.299405","NR1 1PG","1226.40",\N,"6","73287","93122",\N,\N,"480000","2023-04-01","2024-03-31","66190: Activities auxiliary to financial intermediation not elsewhere classified"
"15044","private_limited","NR1 1PG","52.627448","1.299405","NR1 1PG","1226.40",\N,"6","78758","93563",\N,\N,"480000","2022-04-01","2023-03-31","66190: Activities auxiliary to financial intermediation not elsewhere classified"
"15341","private_limited","NR10 3EB","52.705210","1.237654","NR10 3EB","1074.87","1800000","3","84003","51778",\N,\N,"240000","2022-12-01","2023-11-30","43999: Other specialised construction activities n.e.c."
"15476","private_limited","NR20 3AS","52.679757","0.952940","NR20 3AS","6105.24",\N,"5","37515","0",\N,\N,"400000","2022-09-01","2023-08-31","69202: Bookkeeping activities, 69201: Accounting and auditing activities"
"15518","private_limited","NR18 9SU","52.539812","1.058506","NR18 9SU","749.70","60000","3","5997","0",\N,\N,"240000","2022-04-01","2023-03-31","56301: Licensed clubs, 56301: Licensed clubs"
"15589","private_limited","NR7 0WG","52.629045","1.372635","NR7 0WG","11831.20",\N,"61","1442567","811388","5044068","5076176","4880000","2023-04-01","2024-03-31","65110: Life insurance"
"15589","private_limited","NR7 0WG","52.629045","1.372635","NR7 0WG","11831.20",\N,"65","2601239","1693228","4929722","4960454","5200000","2022-04-01","2023-03-31","65110: Life insurance"
"15646","private_limited","NR2 4EE","52.638667","1.273409","NR2 4EE","21357.77","2220000","45","1004672","163622",\N,\N,"3600000","2022-08-01","2023-07-31","46310: Wholesale of fruit and vegetables"
"15662","private_limited","NR9 4PX","52.584484","0.974354","NR9 4PX","794.20","240000","4","15050","0",\N,\N,"320000","2023-01-01","2023-12-31","25990: Manufacture of other fabricated metal products"
"15872","private_limited","NR2 4HY","52.632633","1.283208","NR2 4HY","11016.87","0","11","36867","41",\N,\N,"880000","2023-04-01","2024-03-31","69102: Solicitors"
"15872","private_limited","NR2 4HY","52.632633","1.283208","NR2 4HY","11016.87","0","12","78933","521",\N,\N,"960000","2022-04-01","2023-03-31","69102: Solicitors"
"15913","private_limited","NR30 5TA","52.644636","1.714990","NR30 5TA","1208.72","180000","2","104119","0",\N,\N,"160000","2022-10-01","2023-09-30","77390: Renting and leasing of other machinery, equipment and tangible goods not elsewhere classified"
"15944","private_limited","NR7 0RS","52.639256","1.370594","NR7 0RS","1958.69",\N,"2","204919","0",\N,\N,"160000","2023-05-01","2024-04-30","43999: Other specialised construction activities n.e.c."
"15944","private_limited","NR7 0RS","52.639256","1.370594","NR7 0RS","1958.69",\N,"3","162686","0",\N,\N,"240000","2022-05-01","2023-04-30","43999: Other specialised construction activities n.e.c."
"16259","partnership","NR6 6AX","52.662244","1.286641","NR6 6AX","621.00","2880000","8","10255","14126",\N,\N,"640000","2022-04-01","2023-03-31","85510: Sports and recreation education"
"16390","private_limited","GL54 2LF","51.873356","-1.769025","GL54 2LF","897.00","1800000","1","625021","0",\N,\N,"80000","2022-07-01","2023-06-30","32500: Manufacture of medical and dental instruments and supplies"
"16423","partnership","CO1 1HQ","51.890380","0.899222","CO1 1HQ","14463.85","1080000",\N,\N,\N,\N,\N,\N,\N,\N,"69102: Solicitors"
"16627","private_limited","IP22 4JZ","52.377200","1.108033","IP22 4JZ","19216.00","3300000",\N,\N,\N,\N,\N,\N,"2023-11-01","2024-10-31","68310: Other letting aReal estate agenciesnd operating of own or leased real estate"
"16627","private_limited","IP22 4JZ","52.377200","1.108033","IP22 4JZ","19216.00","3300000","46","681924","468309",\N,\N,"3680000","2022-11-01","2023-10-31","68310: Other letting aReal estate agenciesnd operating of own or leased real estate"
"16735","private_limited","NR14 7PZ","52.586958","1.345111","NR14 7PZ","17570.92","840000","14","871930","226112",\N,\N,"1120000","2022-10-01","2023-09-30","96090: Other service activities n.e.c."
"16810","partnership","NR7 0TA","52.626019","1.374445","NR7 0TA","10623.30","6000000",\N,"9784306","727552",\N,\N,\N,"2023-01-01","2023-12-31","47190: Other retail sale in non-specialised stores"
"17065","private_limited","NR3 2AW","52.651620","1.264805","NR3 2AW","3357.50","2100000","10","1099005","37744",\N,\N,"800000","2023-04-01","2024-03-31","61900: Other telecommunications activities"
"17065","private_limited","NR3 2AW","52.651620","1.264805","NR3 2AW","3357.50","2100000","10","1162106","172718",\N,\N,"800000","2022-04-01","2023-03-31","61900: Other telecommunications activities"
"17146","private_limited","NR14 8GG","52.554299","1.233643","NR14 8GG","147.77",\N,\N,\N,\N,\N,\N,\N,\N,\N,"47750: Retail sale of cosmetic and toilet articles in specialised stores, 47990: Other retail sale not in stores, stalls or markets"
"17251","private_limited","IP22 4GT","52.374256","1.129081","IP22 4GT","4658.37","6780000","27","1714003","383423",\N,\N,"2160000","2023-01-01","2023-12-31","46470: Wholesale of furniture, carpets and lighting equipment, 46499: Wholesale of household goods (other than musical instruments)"
"17282","private_limited","PE2 8AN","52.564460","-0.241669","PE2 8AN","4556.67","1800000",\N,"100","24047",\N,\N,\N,"2023-01-01","2023-12-31","74901: Environmental consulting activities"
"17401","private_limited","PE33 9RR","52.572386","0.445204","PE33 9RR","759.00","900000","16","2604782","1430185",\N,\N,"1280000","2022-08-01","2023-07-31","46770: Wholesale of waste and scrap"
"17411","private_limited","IP28 6JY","52.274059","0.689420","IP28 6JY","6888.00","2100000","4","884479","31825",\N,\N,"320000","2022-05-01","2023-04-30","64209: Activities of other holding companies n.e.c."
"17411","private_limited","IP28 6JY","52.274059","0.689420","IP28 6JY","6888.00","2100000","4","1398872","72344",\N,\N,"320000","2023-05-01","2024-04-30","64209: Activities of other holding companies n.e.c."
"17447","non_profit","CB6 3NX","52.386728","0.228220","CB6 3NX","462.00","1800000",\N,\N,\N,\N,\N,\N,\N,\N,"85590: Other education n.e.c."
"17620","private_limited","IP33 1XQ","52.245994","0.716585","IP33 1XQ","4300.00","1320000","1","296103","306075",\N,\N,"80000","2023-01-01","2023-12-31","69102: Solicitors"
"17692","private_limited","NR12 8QG","52.714149","1.410699","NR12 8QG","877.80","764976","11","486285","62422",\N,\N,"880000","2022-09-01","2023-08-31","47770: Retail sale of watches and jewellery in specialised stores"
"17794","private_limited","CO6 1TU","51.871573","0.687033","CO6 1TU","326.60","0","3","12489","0",\N,\N,"240000","2022-10-01","2023-09-30","47290: Other retail sale of food in specialised stores"
"17833","partnership","IP1 3HD","52.058544","1.153303","IP1 3HD","30372.41","3600000",\N,\N,\N,\N,\N,\N,"2023-07-01","2024-06-30","69102: Solicitors"
"17833","partnership","IP1 3HD","52.058544","1.153303","IP1 3HD","30372.41","3600000",\N,"370296","529223",\N,\N,\N,"2022-07-01","2023-06-30","69102: Solicitors"
"17875","school","IP33 3YU","52.251490","0.697034","IP33 3YU","3994.66",\N,"66",\N,"802039","0","5331748","5280000","2022-04-01","2023-03-31","85410: Post-secondary non-tertiary education"
"18139","private_limited","NR31 7RQ","52.557589","1.708416","NR31 7RQ","14750.00","2040000","32","693391","78340",\N,\N,"2560000","2023-04-01","2024-03-31","46760: Wholesale of other intermediate products"
"18139","private_limited","NR31 7RQ","52.557589","1.708416","NR31 7RQ","14750.00","2040000","34","783902","124892",\N,\N,"2720000","2022-04-01","2023-03-31","46760: Wholesale of other intermediate products"
"18455","private_limited","","52.558821","1.095781","","301.30","60000",\N,\N,\N,\N,\N,\N,\N,\N,"91010: Library and archive activities, 46439: Wholesale of radio and television goods and of electrical household appliances"
"18476","private_limited","PE31 6BU","52.809198","0.558425","PE31 6BU","424.87","60000",\N,\N,\N,\N,\N,\N,\N,\N,"70229: Management consultancy activities other than financial management"
"18496","non_profit","NR9 5ES","52.654180","1.152771","NR9 5ES","59.54","5400000",\N,\N,\N,\N,\N,\N,\N,\N,"74990: Non-trading company"
"18509","school","IP33 3RL","52.249253","0.699300","IP33 3RL","5400.00","47160000",\N,\N,\N,\N,\N,\N,\N,\N,"85420: Tertiary education"
"18517","private_limited","NR31 0LS","52.590527","1.715575","NR31 0LS","10144.39","360000",\N,\N,\N,\N,\N,\N,"2024-01-01","2024-12-31","47990: Other retail sale not in stores, stalls or markets"
"18517","private_limited","NR31 0LS","52.590527","1.715575","NR31 0LS","10144.39","360000","7","232382","0",\N,\N,"560000","2023-01-01","2023-12-31","47990: Other retail sale not in stores, stalls or markets"
"18604","private_limited","SS15 6DU","51.582297","0.420347","SS15 6DU","301.30","120000",\N,\N,\N,\N,\N,\N,\N,\N,"45112: Sale of used cars and light motor vehicles"
"18607","private_limited","NR14 8FB","52.556022","1.178962","NR14 8FB","3049.70",\N,"42","5402000","5065000","5533000","13435000","3360000","2022-10-01","2023-08-31","28990: Manufacture of other special-purpose machinery"
"18937","school","WD3 6ER","51.675310","-0.531955","WD3 6ER","1089.26",\N,"25",\N,"51134","0","671903","2000000","2022-04-01","2023-03-31","85200: Primary education"
"19042","school","IP24 1JW","52.421826","0.755929","IP24 1JW","591.52",\N,"85",\N,"0","62518","3128385","6800000","2022-04-01","2023-03-31","85200: Primary education"
"19045","school","NR8 6EF","52.678781","1.223743","NR8 6EF","1242.96",\N,"49",\N,"145884","9127","1757765","3920000","2022-04-01","2023-03-31","85200: Primary education"
"19504","school","NR29 5QN","52.711795","1.533281","NR29 5QN","931.79",\N,"31",\N,"15339","0","726763","2480000","2022-04-01","2023-03-31","85200: Primary education, 85100: Pre-primary education"
"19576","school","PE37 8HT","52.653135","0.777788","PE37 8HT","2111.01",\N,"44",\N,"41652","0","1170109","3520000","2022-04-01","2023-03-31","85200: Primary education"
"19693","school","NR10 4JP","52.761655","1.109929","NR10 4JP","20353.33","12000000",\N,\N,\N,\N,\N,\N,\N,\N,"85100: Pre-primary education, 85310 : General secondary education, 85200: Primary education"
"19939","school","NR7 0AJ","52.637468","1.336991","NR7 0AJ","2292.10",\N,"70",\N,"167928","54426","2445612","5600000","2022-04-01","2023-03-31","85200: Primary education, 85100: Pre-primary education"
"20359","partnership","PE3 6AG","52.572451","-0.252908","PE3 6AG","12560.00","9000000","92","1757403","1181139",\N,\N,"7360000","2023-04-01","2024-03-31","69102: Solicitors"
"20359","partnership","PE3 6AG","52.572451","-0.252908","PE3 6AG","12560.00","9000000","98","1281677","1235930",\N,\N,"7840000","2022-04-01","2023-03-31","69102: Solicitors"
"20365","private_limited","HG2 8PA","53.978370","-1.521958","HG2 8PA","3344.13",\N,"82","2547940","0","5470170","13889999","6560000","2022-05-01","2023-04-30","47749: Retail sale of medical and orthopaedic goods in specialised stores (not incl. hearing aids) n.e.c."
"20447","private_limited","NR9 4AL","52.608325","1.083720","NR9 4AL","5107.72","600000","9","915175","673370",\N,\N,"720000","2023-01-01","2023-12-31","46900: Non-specialised wholesale trade"
"21739","private_limited","NR31 0LU","52.592528","1.715699","NR31 0LU","22759.27","1200000","20","801985","85064",\N,\N,"1600000","2022-12-01","2023-11-30","28990: Manufacture of other special-purpose machinery"
"21770","private_limited","NR6 5DR","52.653715","1.256288","NR6 5DR","4612.20","21313872","104","12954051","2633966","15664949","29463036","8320000","2023-01-01","2023-12-31","26110: Manufacture of electronic components"
"21811","private_limited","NR3 3HY","52.640802","1.292299","NR3 3HY","6849.00","540000","19","3263864","893419",\N,\N,"1520000","2022-08-01","2023-07-31","74902: Quantity surveying activities"
"21829","sole_trader","NR19 1FH","52.673368","0.936950","NR19 1FH","123.60","60000",\N,\N,\N,\N,\N,\N,\N,\N,"66220: Activities of insurance agents and brokers, 66190: Activities auxiliary to financial intermediation not elsewhere classified"
"21932","private_limited","NR6 6BY","52.660912","1.286187","NR6 6BY","72847.40","3480000",\N,\N,\N,\N,\N,\N,"2023-04-01","2024-03-31","46760: Wholesale of other intermediate products"
"21932","private_limited","NR6 6BY","52.660912","1.286187","NR6 6BY","72847.40","3480000","58","1804325","117898",\N,\N,"4640000","2022-04-01","2023-03-31","46760: Wholesale of other intermediate products"
"21932","private_limited","NR6 6BY","52.660912","1.286187","NR6 6BY","72847.40","3480000","59","1808535","128204",\N,\N,"4720000","2023-04-01","2024-04-05","46760: Wholesale of other intermediate products"
"22097","private_limited","NR7 9TP","52.647960","1.339655","NR7 9TP","538.19",\N,"437","5428457","2531135",\N,"14215137","34960000","2022-04-01","2023-03-31","86900: Other human health activities"
"22097","private_limited","NR7 9TP","52.647960","1.339655","NR7 9TP","538.19",\N,"488","5030628","2775933",\N,"15021439","39040000","2023-04-01","2024-03-31","86900: Other human health activities"
"22487","private_limited","PE6 0GB","52.665571","-0.176444","PE6 0GB","3250.00","660000",\N,"247427","17825",\N,\N,\N,"2022-04-01","2023-03-31","47910: Retail sale via mail order houses or via Internet"
"22487","private_limited","PE6 0GB","52.665571","-0.176444","PE6 0GB","3250.00","660000","7","180013","10088",\N,\N,"560000","2023-04-01","2024-03-31","47910: Retail sale via mail order houses or via Internet"
"22487","private_limited","PE6 0GB","52.665571","-0.176444","PE6 0GB","3250.00","660000","8","247427","17825",\N,\N,"640000","2022-03-01","2023-02-28","47910: Retail sale via mail order houses or via Internet"
"23311","private_limited","CB5 8UY","52.206629","0.166284","CB5 8UY","9038.81","1717490","11","150315","81993",\N,\N,"880000","2023-01-01","2023-12-31","43999: Other specialised construction activities n.e.c."
"23338","private_limited","CB5 8UZ","52.206879","0.165437","CB5 8UZ","1478.22","2000000","7","307212","53866",\N,\N,"560000","2022-12-01","2023-11-30","46760: Wholesale of other intermediate products"
"24325","private_limited","NR5 9JF","52.642841","1.209640","NR5 9JF","5300.96","300000","3","581919","55324",\N,\N,"240000","2022-11-01","2023-10-31","45200: Maintenance and repair of motor vehicles"
"24334","private_limited","NR6 6AZ","52.662599","1.284699","NR6 6AZ","27705.24","1020000","30","631810","19187",\N,\N,"2400000","2023-01-01","2023-12-31","22290: Manufacture of other plastic products"
"24340","private_limited","NR32 2TD","52.473899","1.748498","NR32 2TD","2488.68",\N,"21","1400755","85",\N,\N,"1680000","2023-01-01","2023-12-31","82990: Other business support service activities not elsewhere classified"
"24385","private_limited","NE12 8BT","55.021740","-1.584035","NE12 8BT","4370.00",\N,"46","391701","405835","1453144","2663309","3680000","2022-12-01","2023-07-31","85600: Educational support activities"
"24397","private_limited","PE30 4HY","52.743860","0.416673","PE30 4HY","16752.55","7500000","49","4912150","2435944",\N,\N,"3920000","2023-03-01","2024-02-29","25110: Manufacture of metal structures and parts of structures"
"24397","private_limited","PE30 4HY","52.743860","0.416673","PE30 4HY","16752.55","7500000","65","4153475","1596505",\N,\N,"5200000","2022-03-01","2023-02-28","25110: Manufacture of metal structures and parts of structures"
"24949","private_limited","IP6 0NL","52.112801","1.101636","IP6 0NL","208446.71",\N,"394","12904418","13912","9836155","43061518","31520000","2023-04-01","2024-03-31","70100: Activities of head offices"
"24949","private_limited","IP6 0NL","52.112801","1.101636","IP6 0NL","208446.71",\N,"433","14557302","6065031","10371356","49171619","34640000","2022-04-01","2023-03-31","70100: Activities of head offices"
"25378","private_limited","NR28 0BD","52.826447","1.379919","NR28 0BD","2743.51",\N,\N,\N,\N,\N,\N,\N,"2023-01-01","2023-12-31","41201: Construction of commercial buildings"
"25393","private_limited","PE33 0AX","52.696053","0.415567","PE33 0AX","64205.24","38014426","42","8817059","55092","6280853","20427031","3360000","2022-12-01","2023-11-30","46150: Agents involved in the sale of furniture, household goods, hardware and ironmongery"
"25399","private_limited","NR8 6QW","52.685525","1.201526","NR8 6QW","4584.00","4440000","86","1820013","30912",\N,\N,"6880000","2022-08-01","2023-07-31","86900: Other human health activities"
"25489","private_limited","PE30 4HP","52.745867","0.416703","PE30 4HP","3034.30","660000",\N,\N,\N,\N,\N,\N,\N,\N,"46180: Agents specialised in the sale of other particular products"
"26065","private_limited","DE74 2YX","52.847174","-1.309296","DE74 2YX","301.30","300000",\N,"485199","312901",\N,\N,\N,"2022-04-01","2023-03-31","94990: Activities of other membership organisations"
"26227","private_limited","NR18 9HZ","52.564937","1.119759","NR18 9HZ","441.60","120000","2","24251","25461",\N,\N,"160000","2022-11-01","2023-10-31","62020: Information technology consultancy activities"
"26257","private_limited","NR14 8AE","52.561768","1.237292","NR14 8AE","6656.83","360000","6","161217","0",\N,\N,"480000","2022-05-01","2023-04-30","86230: Dental practice activities"
"26257","private_limited","NR14 8AE","52.561768","1.237292","NR14 8AE","6656.83","360000","6","161293","0",\N,\N,"480000","2023-05-01","2024-04-30","86230: Dental practice activities"
"26755","private_limited","IP8 4DE","52.091765","1.102612","IP8 4DE","91021.74",\N,"178","6321222","996394","4442718","11888001","14240000","2022-11-01","2023-10-31","71122: Engineering related scientific and technical consulting activities"
"26926","private_limited","NN2 7AZ","52.260518","-0.900071","NN2 7AZ","18378.58","660000","11","94352","38087",\N,\N,"880000","2022-04-01","2023-03-31","78200: Temporary employment agency activities"
"27190","partnership","NR28 0DR","52.812835","1.384172","NR28 0DR","3075.48","600000",\N,"442437","19931",\N,\N,\N,"2022-04-06","2023-04-05","47760: Retail sale of flowers, plants, seeds, fertilizers, pet animals and pet food in specialised stores"
"27190","partnership","NR28 0DR","52.812835","1.384172","NR28 0DR","3075.48","600000",\N,"450557","21443",\N,\N,\N,"2023-04-06","2024-04-05","47760: Retail sale of flowers, plants, seeds, fertilizers, pet animals and pet food in specialised stores"
"27421","private_limited","AL1 3UU","51.753247","-0.333637","AL1 3UU","6912.00","4500000","69","2559323","0",\N,\N,"5520000","2023-04-01","2024-03-31","69101: Barristers at law"
"27421","private_limited","AL1 3UU","51.753247","-0.333637","AL1 3UU","6912.00","4500000","73","2915269","0",\N,\N,"5840000","2022-04-01","2023-03-31","69101: Barristers at law"
"28345","private_limited","RM9 6RH","51.523465","0.141745","RM9 6RH","23376.78",\N,\N,\N,\N,\N,\N,\N,\N,\N,"46730: Wholesale of wood, construction materials and sanitary equipment"
"28450","private_limited","WF1 2TS","53.682867","-1.504281","WF1 2TS","1417.64",\N,"718","0","2585620","27254286","30675787","57440000","2023-01-01","2023-12-31","93130: Fitness facilities"
"28558","private_limited","CB2 9LS","52.173758","0.112544","CB2 9LS","11050.28","300000","13","668897","207791",\N,\N,"1040000","2023-07-01","2024-06-30","78109: Other activities of employment placement agencies"
"28558","private_limited","CB2 9LS","52.173758","0.112544","CB2 9LS","11050.28","300000","14","745038","241175",\N,\N,"1120000","2022-07-01","2023-06-30","78109: Other activities of employment placement agencies"
"28756","private_limited","IP11 7DU","51.966635","1.353044","IP11 7DU","4360.00","900000","24","88253","1",\N,\N,"1920000","2022-06-01","2023-05-31","69102: Solicitors"
"28948","private_limited","EN6 3JN","51.704923","-0.201590","EN6 3JN","55167.88","7500000","34","655821","328302",\N,\N,"2720000","2023-01-01","2023-12-31","13300: Finishing of textiles, 46440: Wholesale of china and glassware and cleaning materials"
"29725","private_limited","NR31 0NX","52.589141","1.705967","NR31 0NX","14629.00","1500000",\N,\N,\N,\N,\N,\N,"2024-01-01","2024-12-31","43999: Other specialised construction activities n.e.c."
"29725","private_limited","NR31 0NX","52.589141","1.705967","NR31 0NX","14629.00","1500000","9","228661","230189",\N,\N,"720000","2023-01-01","2023-12-31","43999: Other specialised construction activities n.e.c."
"30019","private_limited","SG18 8BN","52.079191","-0.267436","SG18 8BN","2396.52","3750000","18","3167631","1257202",\N,\N,"1440000","2023-01-01","2023-12-31","20420: Manufacture of perfumes and toilet preparations"
"30793","private_limited","NR9 4JB","52.581798","0.987038","NR9 4JB","28.75","600000",\N,\N,\N,\N,\N,\N,\N,\N,"85100: Pre-primary education"
"30968","school","NR4 6FF","52.597667","1.282270","NR4 6FF","5141.28",\N,"58",\N,"316533","0","3289543","4640000","2022-04-01","2023-03-31","85310: General secondary education, 85320: Technical and vocational secondary education"
"31057","private_limited","NR4 6RE","52.609224","1.278700","NR4 6RE","17.62","300000","3","86378","18751",\N,\N,"240000","2022-11-01","2023-10-31","71112: Urban planning and landscape architectural activities"
"31091","school","NR2 3QB","52.624228","1.265116","NR2 3QB","2141.84",\N,"73",\N,"152315","0","2447417","5840000","2022-04-01","2023-03-31",\N
"31238","private_limited","NR17 1AE","52.523726","0.990394","NR17 1AE","120.56","1000000","1","253842","43741",\N,\N,"80000","2022-04-01","2023-03-31","01110: Growing of cereals (except rice), leguminous crops and oil seeds"
"31238","private_limited","NR17 1AE","52.523726","0.990394","NR17 1AE","120.56","1000000","1","681793","54542",\N,\N,"80000","2023-04-01","2024-03-31","01110: Growing of cereals (except rice), leguminous crops and oil seeds"
"31241","school","NR2 2HU","52.618771","1.275817","NR2 2HU","17215.00","6000000",\N,\N,\N,\N,\N,\N,\N,\N,"85410: Post-secondary non-tertiary education, 85310 : General secondary education, 85200: Primary education, 85100: Pre-primary education"
"31882","private_limited","NR1 3DD","52.626734","1.295946","NR1 3DD","1076.45","900000","6","2736","0",\N,\N,"480000","2023-07-01","2024-06-30","95120: Repair of communication equipment"
"31882","private_limited","NR1 3DD","52.626734","1.295946","NR1 3DD","1076.45","900000","9","22107","0",\N,\N,"720000","2022-07-01","2023-06-30","95120: Repair of communication equipment"
"31954","private_limited","NR2 4SZ","52.633170","1.287636","NR2 4SZ","23241.77","700000","12","47055","19120",\N,\N,"960000","2022-08-01","2023-07-31","70221: Financial management"
"32521","private_limited","NR34 7TH","52.441732","1.601040","NR34 7TH","650.00","1260000","21","138004","28240",\N,\N,"1680000","2022-02-01","2023-01-31","43991: Scaffold erection"
"32521","private_limited","NR34 7TH","52.441732","1.601040","NR34 7TH","650.00","1260000","22","69657","30892",\N,\N,"1760000","2023-02-01","2024-01-31","43991: Scaffold erection"
"33460","private_limited","SS0 0NF","51.559190","0.684586","SS0 0NF","17918.40","900000","18","3447305","1294009",\N,\N,"1440000","2022-10-01","2023-09-30","46180: Agents specialised in the sale of other particular products"
"33499","private_limited","IP7 5PW","52.036640","0.984575","IP7 5PW","104911.07","4800000","43","2297137","1134278",\N,\N,"3440000","2022-06-01","2023-05-31","20420: Manufacture of perfumes and toilet preparations"
"33637","private_limited","IP6 0AA","52.105906","1.112274","IP6 0AA","2436.20","3750000","8","376733","665763",\N,\N,"640000","2022-05-01","2023-04-30","79110: Travel agency activities"
"33637","private_limited","IP6 0AA","52.105906","1.112274","IP6 0AA","2436.20","3750000","9","389688","877595",\N,\N,"720000","2023-05-01","2024-04-30","79110: Travel agency activities"
"33991","private_limited","NR4 7UH","52.622000","1.222794","NR4 7UH","207.00",\N,"5","4661498","2604509",\N,\N,"400000","2023-04-01","2024-03-31","82990: Other business support service activities not elsewhere classified"
"33991","private_limited","NR4 7UH","52.622000","1.222794","NR4 7UH","207.00",\N,"5","5064834","3294276",\N,\N,"400000","2022-04-01","2023-03-31","82990: Other business support service activities not elsewhere classified"
"34457","private_limited","SS2 6UN","51.571478","0.691780","SS2 6UN","15165.63","3620279","11","1544176","314945",\N,\N,"880000","2023-01-01","2023-12-31","46520: Wholesale of electronic and telecommunications equipment and parts, 26110: Manufacture of electronic components"
"34616","private_limited","PE29 7DA","52.340901","-0.187271","PE29 7DA","4512.00",\N,"110","839202","151578",\N,"19409052","8800000","2022-04-02","2023-07-01","22190: Manufacture of other rubber products"
"34649","sole_trader","NR35 2TQ","52.447262","1.422616","NR35 2TQ","297.20","60000","3","55507","19343",\N,\N,"240000","2023-03-01","2024-02-28","43290: Other construction installation\
"
"34687","private_limited","NR19 1AD","52.680271","0.945825","NR19 1AD","37817.94","4200000",\N,"420662","283982",\N,\N,\N,"2022-10-01","2023-09-30","47240: Retail sale of bread, cakes, flour confectionery and sugar confectionery in specialised stores"
"35108","private_limited","CB24 9LF","52.244792","0.109815","CB24 9LF","1708.29",\N,"67","70521657","5108402",\N,"7810850","5360000","2023-01-01","2023-12-31","18203: Reproduction of computer media, 18130: Pre-press and pre-media services, 58141: Publishing of learned journals"
"35342","private_limited","NR13 6PL","52.673274","1.375816","NR13 6PL","36495.00","2220000","38","279155","327077",\N,\N,"3040000","2022-09-01","2023-08-31","33120: Repair of machinery, 45320: Retail trade of motor vehicle parts and accessories, 33170: Repair and maintenance of other transport equipment"
"35716","private_limited","NR18 9SB","52.564691","1.106971","NR18 9SB","3436.90",\N,\N,\N,\N,\N,\N,\N,\N,\N,"29320: Manufacture of other parts and accessories for motor vehicles"
"35727","private_limited","IP29 5AX","52.249078","0.577611","IP29 5AX","45643.00","2000000","18","826009","299896",\N,\N,"1440000","2023-01-01","2023-12-31","10920: Manufacture of prepared pet foods, 47910: Retail sale via mail order houses or via Internet, 47990: Other retail sale not in stores, stalls or markets"
"35732","non_profit","IP1 1UQ","52.054380","1.152308","IP1 1UQ","4740.00","10800000",\N,\N,\N,\N,\N,\N,\N,\N,"85590: Other education n.e.c."
"36548","private_limited","PE15 0WJ","52.510500","0.073000","PE15 0WJ","285.12","60000",\N,"2385","0",\N,\N,\N,"2022-08-01","2023-07-31","47990: Other retail sale not in stores, stalls or markets"
"36598","private_limited","NR34 7TD","52.440105","1.598208","NR34 7TD","3796.00","720000","13","218724","131374",\N,\N,"1040000","2022-02-01","2023-01-31","43991: Scaffold erection"
"36598","private_limited","NR34 7TD","52.440105","1.598208","NR34 7TD","3796.00","720000","15","240254","142963",\N,\N,"1200000","2023-02-01","2024-01-31","43991: Scaffold erection"
"36661","private_limited","IP28 7HS","52.344729","0.520302","IP28 7HS","6870.25","900000",\N,\N,\N,\N,\N,\N,\N,\N,"4534: Other building installation, 46150: Agents involved in the sale of furniture, household goods, hardware and ironmongery, 31090: Manufacture of other furniture, 31020: Manufacture of kitchen furniture"
"36685","private_limited","NR33 7LX","52.455613","1.727623","NR33 7LX","890.00","60000",\N,\N,\N,\N,\N,\N,"2023-01-01","2023-12-31","66220: Activities of insurance agents and brokers"
"36728","private_limited","NR3 1SB","52.633021","1.301331","NR3 1SB","6827.05",\N,"378","5706948","1424116",\N,"15419127","30240000","2022-09-01","2023-08-31","85200: Primary education"
"36784","private_limited","NR33 0TQ","52.471468","1.737250","NR33 0TQ","441.60","1","3","1697","0",\N,\N,"240000","2022-02-01","2023-01-31","66220: Activities of insurance agents and brokers"
"36784","private_limited","NR33 0TQ","52.471468","1.737250","NR33 0TQ","441.60","1","4","1617","0",\N,\N,"320000","2023-02-01","2024-01-31","66220: Activities of insurance agents and brokers"
"38177","private_limited","IP17 1LE","52.188613","1.452934","IP17 1LE","1200.00","3750000",\N,\N,\N,\N,\N,\N,"2024-01-01","2024-12-31","82990: Other business support service activities not elsewhere classified"
"38177","private_limited","IP17 1LE","52.188613","1.452934","IP17 1LE","1200.00","3750000","15","361203","134746",\N,\N,"1200000","2023-01-01","2023-12-31","82990: Other business support service activities not elsewhere classified"
"38704","private_limited","PE29 3TE","52.328194","-0.179893","PE29 3TE","7014.00","1800000",\N,\N,\N,\N,\N,\N,\N,\N,"88100: Social work activities without accommodation for the elderly and disabled"
"38768","sole_trader","PE37 8HT","52.653135","0.777788","PE37 8HT","54.33","60000",\N,\N,\N,\N,\N,\N,\N,\N,"90030: Artistic creation, 46439: Wholesale of radio and television goods and of electrical household appliances"
"38836","private_limited","TW17 9LD","51.389724","-0.457229","TW17 9LD","72.60","60000",\N,\N,\N,\N,\N,\N,\N,\N,"70229: Management consultancy activities other than financial management"
"38837","private_limited","NR1 1DG","52.628746","1.302793","NR1 1DG","4320.00",\N,"2","4029278","19688",\N,"1951709","160000","2022-10-01","2023-09-30","86900: Other human health activities"
"38878","private_limited","IP25 7SU","52.604205","0.940434","IP25 7SU","4448.04","1500000","12","467346","166379",\N,\N,"960000","2023-04-01","2024-03-31","32990: Other manufacturing not elsewhere classified"
"38878","private_limited","IP25 7SU","52.604205","0.940434","IP25 7SU","4448.04","1500000","14","410953","345974",\N,\N,"1120000","2022-04-01","2023-03-31","32990: Other manufacturing not elsewhere classified"
"39362","private_limited","PE3 7PN","52.595948","-0.266339","PE3 7PN","3320.00","3750000","38","2338713","92964",\N,\N,"3040000","2022-04-01","2023-03-31","82990: Other business support service activities not elsewhere classified"
"39362","private_limited","PE3 7PN","52.595948","-0.266339","PE3 7PN","3320.00","3750000","38","2497551","206127",\N,\N,"3040000","2023-04-01","2024-03-31","82990: Other business support service activities not elsewhere classified"
"40382","private_limited","EN9 2HB","51.738124","0.002217","EN9 2HB","860.17","1750000","18","844322","360606",\N,\N,"1440000","2022-10-01","2023-09-30","22290: Manufacture of other plastic products"
"40775","private_limited","IP22 4GG","52.370272","1.128145","IP22 4GG","3.26","1080000","25","33936","17253",\N,\N,"2000000","2022-04-01","2023-03-31","69202: Bookkeeping activities, 69203: Tax consultancy, 82110: Combined office administrative service activities, 69201: Accounting and auditing activities"
"40775","private_limited","IP22 4GG","52.370272","1.128145","IP22 4GG","3.26","1080000","26","38604","47803",\N,\N,"2080000","2023-04-01","2024-03-31","69201: Accounting and auditing activities, 82110: Combined office administrative service activities, 69202: Bookkeeping activities, 69203: Tax consultancy"
"40843","private_limited","IP31 3DJ","52.280042","0.910297","IP31 3DJ","4787.25","100000","2","0","3648",\N,\N,"160000","2022-06-01","2023-05-31","55201: Holiday centres and villages"
"40844","private_limited","NR33 7NQ","52.445809","1.714463","NR33 7NQ","650.00","540000","2","413","0",\N,\N,"160000","2023-01-01","2023-12-31","68310: Other letting aReal estate agenciesnd operating of own or leased real estate, 68209: Other letting and operating of own or leased real estate, 68320: Management of real estate on a fee or contract basis"
"43195","private_limited","PE31 7QH","52.872761","0.498644","PE31 7QH","207.00","900000","3","98782","0",\N,\N,"240000","2022-04-01","2023-03-31","82990: Other business support service activities not elsewhere classified"
"43693","private_limited","NR31 0LS","52.590527","1.715575","NR31 0LS","15360.13","2040000","38","2356854","78099",\N,\N,"3040000","2023-07-01","2024-06-30","43999: Other specialised construction activities n.e.c."
"43693","private_limited","NR31 0LS","52.590527","1.715575","NR31 0LS","15360.13","2040000","39","2307078","584923",\N,\N,"3120000","2022-07-01","2023-06-30","43999: Other specialised construction activities n.e.c."
"43889","private_limited","NR16 2HE","52.440762","1.027641","NR16 2HE","1908.49",\N,"144","13410627","228469","2023991","5044857","11520000","2022-07-01","2023-06-30","68209: Other letting and operating of own or leased real estate"
"43918","private_limited","WN6 9AE","53.580730","-2.720950","WN6 9AE","4995.00",\N,"14","0","0",\N,\N,"1120000","2022-10-01","2023-09-30","78109: Other activities of employment placement agencies"
"44132","private_limited","NR13 5PX","52.619095","1.437428","NR13 5PX","8980.45","4450000",\N,"1701011","29407",\N,\N,\N,"2022-01-01","2023-06-30","30110: Building of ships and floating structures, 33150: Repair and maintenance of ships and boats, 30120: Building of pleasure and sporting boats"
"44132","private_limited","NR13 5PX","52.619095","1.437428","NR13 5PX","8980.45","4450000","23","1701011","29407",\N,\N,"1840000","2021-12-31","2023-06-30","30110: Building of ships and floating structures, 30120: Building of pleasure and sporting boats, 33150: Repair and maintenance of ships and boats"
"44201","private_limited","NR33 7NL","52.447129","1.715329","NR33 7NL","32261.02","1750000","17","742939","493543",\N,\N,"1360000","2022-04-01","2023-03-31","43999: Other specialised construction activities n.e.c., 13300: Finishing of textiles"
"44201","private_limited","NR33 7NL","52.447129","1.715329","NR33 7NL","32261.02","1750000","17","774566","559263",\N,\N,"1360000","2023-04-01","2024-03-31","43999: Other specialised construction activities n.e.c., 13300: Finishing of textiles"
"44323","private_limited","IP30 9UP","52.225701","0.879565","IP30 9UP","20556.17","1080000","23","1323162","497013",\N,\N,"1840000","2022-10-01","2023-09-30","74909: Other professional, scientific and technical activities not elsewhere classified"
"44336","private_limited","IP22 2HW","52.393250","0.976478","IP22 2HW","2524.22","300000","18","340294","283729",\N,\N,"1440000","2023-04-01","2024-03-31","93199: Other sports activities (not including activities of racehorse owners)"
"44336","private_limited","IP22 2HW","52.393250","0.976478","IP22 2HW","2524.22","300000","18","351785","395141",\N,\N,"1440000","2022-04-01","2023-03-31","93199: Other sports activities (not including activities of racehorse owners)"
"44672","private_limited","PE36 5BB","52.930144","0.482935","PE36 5BB","19044.07",\N,"241","8060437","321953","5111031","17731731","19280000","2023-04-01","2024-03-31","55100: Hotels and similar accommodation, 55300: Camping grounds, recreational vehicle parks and trailer parks, 55201: Holiday centres and villages"
"44672","private_limited","PE36 5BB","52.930144","0.482935","PE36 5BB","19044.07",\N,"242","8321555","781738","5205306","16053670","19360000","2022-04-01","2023-03-31","55100: Hotels and similar accommodation, 55300: Camping grounds, recreational vehicle parks and trailer parks, 55201: Holiday centres and villages"
"45337","private_limited","CB7 4EX","52.387840","0.261554","CB7 4EX","19416.11",\N,"187","9896000","0","18849000","40629000","14960000","2022-10-01","2023-09-30","82190: Photocopying, document preparation and other specialised office support activities"
"46069","private_limited","IP6 0NL","52.112801","1.101636","IP6 0NL","10867.87",\N,\N,\N,\N,\N,\N,\N,"2024-01-01","2024-12-31","46760: Wholesale of other intermediate products"
"46069","private_limited","IP6 0NL","52.112801","1.101636","IP6 0NL","10867.87",\N,"67","8501021","1055420","4251630","17958054","5360000","2023-01-01","2023-12-31","46760: Wholesale of other intermediate products"
"46690","private_limited","CB6 3NX","52.386396","0.232019","CB6 3NX","16418.98","4080000","59","2566151","298287",\N,\N,"4720000","2023-04-01","2024-03-31","14190: Manufacture of other wearing apparel and accessories"
"46690","private_limited","CB6 3NX","52.386396","0.232019","CB6 3NX","16418.98","4080000","70","2574237","251900",\N,\N,"5600000","2022-04-01","2023-03-31","14190: Manufacture of other wearing apparel and accessories"
"46720","private_limited","SG8 5HN","52.054639","-0.052351","SG8 5HN","10737.71",\N,"73","4910437","892095","1120631","5780802","5840000","2023-05-01","2023-12-31","18121: Manufacture of printed labels"
"46720","private_limited","SG8 5HN","52.054639","-0.052351","SG8 5HN","10737.71",\N,"75","5127560","1020832","1845054","8886821","6000000","2022-05-01","2023-04-30","18121: Manufacture of printed labels"
"46918","private_limited","CB23 3GY","52.242968","-0.106980","CB23 3GY","2660.00",\N,\N,\N,\N,\N,\N,\N,"2022-07-01","2023-10-31","68209: Other letting and operating of own or leased real estate, 96010: Washing and (dry-)cleaning of textile and fur products"
"46918","private_limited","CB23 3GY","52.242968","-0.106980","CB23 3GY","2660.00",\N,"295","13638899","5011734","10266170","24688019","23600000","2022-06-29","2023-10-28","96010: Washing and (dry-)cleaning of textile and fur products, 68209: Other letting and operating of own or leased real estate"
"46993","school","IP13 9HE","52.228571","1.329745","IP13 9HE","10828.81",\N,"162","8769490","746843",\N,"7529502","12960000","2022-09-01","2023-08-31","85310 : General secondary education, 85310: General secondary education, 85410: Post-secondary non-tertiary education"
"47140","private_limited","CM23 1JG","51.886539","0.139878","CM23 1JG","123316.98",\N,"20","0","1138613","1497429","22749963","1600000","2023-01-01","2023-12-31","64209: Activities of other holding companies n.e.c."
"47291","private_limited","NR30 4AF","52.624881","1.729745","NR30 4AF","447.19","240000","1","27351","0",\N,\N,"80000","2022-12-01","2023-11-30","43999: Other specialised construction activities n.e.c."
"47326","school","IP4 1LT","52.054529","1.165856","IP4 1LT","1955.00","45000000",\N,\N,\N,\N,\N,\N,\N,\N,"85420: Tertiary education"
"47408","school","NR32 3EB","52.488488","1.724375","NR32 3EB","1913.00",\N,"46",\N,"313784","74135","2521027","3680000","2022-04-01","2023-03-31","85200: Primary education, 85100: Pre-primary education"
"47506","private_limited","IP25 6UP","52.571070","0.853843","IP25 6UP","21094.47","500000",\N,\N,\N,\N,\N,\N,"2023-12-01","2024-11-30","43910: Roofing activities"
"47506","private_limited","IP25 6UP","52.571070","0.853843","IP25 6UP","21094.47","500000","4","0","0",\N,\N,"320000","2022-12-01","2023-11-30","43910: Roofing activities"
"47945","school","NR10 3PX","52.690478","1.317578","NR10 3PX","2462.46",\N,"34",\N,"226199","0","1608310","2720000","2022-04-01","2023-03-31","85200: Primary education"
"48115","private_limited","TW18 4LP","51.435310","-0.502222","TW18 4LP","686.75","240000",\N,\N,\N,\N,\N,\N,\N,\N,"96090: Other service activities n.e.c."
"48328","private_limited","CM1 1JE","51.736957","0.465473","CM1 1JE","3600.00",\N,"268","25363176","8210751","29693419","100422328","21440000","2022-07-01","2023-06-30","78109: Other activities of employment placement agencies, 78200: Temporary employment agency activities"
"48401","private_limited","WC1N 3AX","51.520591","-0.122176","WC1N 3AX","621.00","600000","19","406210","664161",\N,\N,"1520000","2022-06-01","2023-05-31","69102: Solicitors, 74990: Non-trading company"
"48676","private_limited","NR6 6AQ","52.662620","1.282741","NR6 6AQ","6979.08","1560000","20","410580","296195",\N,\N,"1600000","2023-04-01","2024-03-31","47910: Retail sale via mail order houses or via Internet"
"48676","private_limited","NR6 6AQ","52.662620","1.282741","NR6 6AQ","6979.08","1560000","30","420461","444865",\N,\N,"2400000","2022-04-01","2023-03-31","47910: Retail sale via mail order houses or via Internet"
"48789","private_limited","KT19 7EY","51.339288","-0.288821","KT19 7EY","331.74","13860000",\N,\N,\N,\N,\N,\N,\N,\N,"68310: Other letting aReal estate agenciesnd operating of own or leased real estate"
"48835","private_limited","PO202EB","50.849490","-0.710658","PO202EB","350.95","120000","5","72787","25180",\N,\N,"400000","2022-02-01","2023-01-31","41100: Development of building projects"
"48835","private_limited","PO202EB","50.849490","-0.710658","PO202EB","350.95","120000","7","27315","39993",\N,\N,"560000","2023-02-01","2024-01-31","41100: Development of building projects"
"48839","private_limited","NR14 7PX","52.577298","1.343468","NR14 7PX","207.00","180000","3","117348","86204",\N,\N,"240000","2022-06-01","2023-05-31","43220: Plumbing, heat and air-conditioning installation"
"48853","private_limited","CB4 0WS","52.235776","0.154665","CB4 0WS","4053.28",\N,"1","59274","45491",\N,\N,"80000","2022-02-01","2023-01-31","74100: Specialised design activities"
"48853","private_limited","CB4 0WS","52.235776","0.154665","CB4 0WS","4053.28",\N,"1","59473","49979",\N,\N,"80000","2023-02-01","2024-01-31","74100: Specialised design activities"
"49198","private_limited","PE7 2AJ","52.557489","-0.110871","PE7 2AJ","21525.33","600000","11","457191","4592",\N,\N,"880000","2022-07-01","2023-06-30","45111: Sale of new cars and light motor vehicles, 45112: Sale of used cars and light motor vehicles, 45200: Maintenance and repair of motor vehicles"
"49207","private_limited","PE7 3EQ","52.521949","-0.239650","PE7 3EQ","8190.52",\N,"140","12855192","7996338","8887963","21546079","11200000","2023-01-01","2023-12-31","20590: Manufacture of other chemical products"
"49300","private_limited","MK44 1NP","52.222592","-0.525425","MK44 1NP","2488.01",\N,"13","0","112024",\N,\N,"1040000","2022-04-01","2023-03-31","28930: Manufacture of machinery for food, beverage and tobacco processing"
"49300","private_limited","MK44 1NP","52.222592","-0.525425","MK44 1NP","2488.01",\N,"14","266803","11521",\N,\N,"1120000","2023-04-01","2024-03-31","28930: Manufacture of machinery for food, beverage and tobacco processing"
"52025","private_limited","PE31 6LY","52.849115","0.505402","PE31 6LY","18102.66","1440000","21","218879","515031",\N,\N,"1680000","2023-10-01","2024-09-30","64999: Financial intermediation not elsewhere classified"
"52025","private_limited","PE31 6LY","52.849115","0.505402","PE31 6LY","18102.66","1440000","21","267911","413275",\N,\N,"1680000","2022-10-01","2023-09-30","64999: Financial intermediation not elsewhere classified"
"52460","private_limited","LE19 1SX","52.593641","-1.187979","LE19 1SX","46594.84","4500000","78","305601","753938",\N,\N,"6240000","2022-04-01","2023-03-31","69102: Solicitors"
"52460","private_limited","LE19 1SX","52.593641","-1.187979","LE19 1SX","46594.84","4500000","80","268989","826200",\N,\N,"6400000","2023-04-01","2024-03-31","69102: Solicitors"
"52715","private_limited","PE30 5DA","52.751704","0.396990","PE30 5DA","911.06","18540000","240","200300","306068",\N,\N,"19200000","2022-04-01","2023-03-31","78109: Other activities of employment placement agencies"
"52715","private_limited","PE30 5DA","52.751704","0.396990","PE30 5DA","911.06","18540000","240","200723","462887",\N,\N,"19200000","2023-04-01","2024-03-31","78109: Other activities of employment placement agencies"
"52759","private_limited","NR9 3AP","52.595973","1.188469","NR9 3AP","710.00","300000",\N,"21959","19978",\N,\N,\N,"2023-01-01","2023-12-31","72190: Other research and experimental development on natural sciences and engineering"
"52787","private_limited","NR18 0WZ","52.575125","1.136138","NR18 0WZ","269032.50","300000",\N,\N,\N,\N,\N,\N,"2023-08-21","2024-08-31","63110: Data processing, hosting and related activities"
"56057","private_limited","B91 3BD","52.412512","-1.775980","B91 3BD","27854.68","2460000","40","976432","1669011",\N,\N,"3200000","2022-05-01","2023-04-30","69102: Solicitors"
"56057","private_limited","B91 3BD","52.412512","-1.775980","B91 3BD","27854.68","2460000","40","1368405","1137094",\N,\N,"3200000","2023-05-01","2024-04-30","69102: Solicitors"
"56994","private_limited","NR30 2AJ","52.607700","1.734290","NR30 2AJ","341.67",\N,"5","465911","158618",\N,\N,"400000","2023-01-01","2023-12-31","10822: Manufacture of sugar confectionery"
"57120","private_limited","CB4 0WS","52.235776","0.154665","CB4 0WS","18292.31","780000","9","3862372","568133",\N,\N,"720000","2023-04-01","2024-03-31","61200: Wireless telecommunications activities"
"57120","private_limited","CB4 0WS","52.235776","0.154665","CB4 0WS","18292.31","780000","9","5072909","2654300",\N,\N,"720000","2022-04-01","2023-03-31","61200: Wireless telecommunications activities"
"57465","private_limited","CB1 1HW","52.207665","0.134815","CB1 1HW","25148.59","1860000","30","20528","190096",\N,\N,"2400000","2022-07-01","2023-06-30","69203: Tax consultancy, 69201: Accounting and auditing activities"
"57477","partnership","EC2V 7BG","51.516002","-0.095216","EC2V 7BG","46.00",\N,"35","963000","159000","2128000","3471000","2800000","2022-04-01","2023-03-31","7412: Accounting, auditing; tax consult"
"57620","private_limited","PE31 8HH","52.947309","0.733627","PE31 8HH","6075.00","1200000","26","96458","62897",\N,\N,"2080000","2022-03-01","2023-02-28","68209: Other letting and operating of own or leased real estate"
"57620","private_limited","PE31 8HH","52.947309","0.733627","PE31 8HH","6075.00","1200000","35","17358","150916",\N,\N,"2800000","2023-03-01","2024-02-28","68209: Other letting and operating of own or leased real estate"
"57629","private_limited","NR29 5ET.","52.683085","1.634195","NR29 5ET.","14733.00","1000000",\N,\N,\N,\N,\N,\N,"2024-01-01","2024-12-31","79110: Travel agency activities"
"57629","private_limited","NR29 5ET.","52.683085","1.634195","NR29 5ET.","14733.00","1000000","7","280098","0",\N,\N,"560000","2023-01-01","2023-12-31","79110: Travel agency activities"
"58271","private_limited","CB24 3BA","52.260435","0.064992","CB24 3BA","3948.76",\N,\N,\N,\N,\N,\N,\N,\N,\N,"86900: Other human health activities, 62090: Other information technology service activities"
"58310","private_limited","CB25 0LQ","52.278303","0.254694","CB25 0LQ","65.92","128000000",\N,\N,\N,\N,\N,\N,\N,\N,"64201: Activities of agricultural holding companies"
"58413","private_limited","NR16 2JU","52.470689","0.954461","NR16 2JU","8863.11",\N,"105","0","564908","1425385","14198936","8400000","2022-08-01","2023-07-31","82990: Other business support service activities not elsewhere classified, 10390: Other processing and preserving of fruit and vegetables"
"58444","private_limited","TW9 2PR","51.463634","-0.302534","TW9 2PR","6743.01",\N,"6","5929889","900160","1260945","5010341","480000","2023-01-01","2023-12-31","12000: Manufacture of tobacco products"
"59883","private_limited","PE19 8EP","52.207130","-0.292859","PE19 8EP","5166.53",\N,"14","649730","40317",\N,\N,"1120000","2023-01-01","2023-12-31","46520: Wholesale of electronic and telecommunications equipment and parts"
"60057","private_limited","PE27 3JX","52.339536","-0.063287","PE27 3JX","7360.00",\N,"25","543514","288034",\N,\N,"2000000","2022-06-01","2023-05-31","37000: Sewerage"
"60312","private_limited","PE1 5UA","52.575370","-0.210276","PE1 5UA","16357.06","3300000","12","1054282","129220",\N,\N,"960000","2023-01-01","2023-12-31","47789: Other retail sale of new goods in specialised stores (other than by opticians or commercial art galleries)"
"60321","private_limited","PE28 0JQ","52.322080","-0.401618","PE28 0JQ","30155.80",\N,"5","233072","142248",\N,\N,"400000","2023-01-01","2023-12-31","29201: Manufacture of bodies (coachwork) for motor vehicles (except caravans)"
"60494","partnership","SW11 3RS","51.467416","-0.179095","SW11 3RS","29842.42","3180000","53","1255840","25000",\N,\N,"4240000","2022-04-01","2023-03-31","69102: Solicitors"
"60494","partnership","SW11 3RS","51.467416","-0.179095","SW11 3RS","29842.42","3180000","55","1099665","10000",\N,\N,"4400000","2023-04-01","2024-03-31","69102: Solicitors"
"60701","private_limited","NR19 2AX","52.682654","0.940377","NR19 2AX","1139.92","1080000",\N,\N,\N,\N,\N,\N,\N,\N,"70229: Management consultancy activities other than financial management"
"60903","sole_trader","NR16 2AF","52.471131","1.072218","NR16 2AF","25.30","60000",\N,\N,\N,\N,\N,\N,\N,\N,"47510: Retail sale of textiles in specialised stores"
"60924","sole_trader","NR17 2NS","52.521748","1.032787","NR17 2NS","19.78",\N,\N,\N,\N,\N,\N,\N,\N,\N,\N
"61264","private_limited","NR4 7GJ","52.624762","1.224517","NR4 7GJ","11174.96","600000","6","1731085","1821923",\N,\N,"480000","2022-02-01","2023-01-31","72110: Research and experimental development on biotechnology"
"61264","private_limited","NR4 7GJ","52.624762","1.224517","NR4 7GJ","11174.96","600000","9","516547","310540",\N,\N,"720000","2023-02-01","2024-01-31","72110: Research and experimental development on biotechnology"
"61580","partnership","CB1 2LA","52.194995","0.134061","CB1 2LA","36260.00","19620000","6","339052","50880",\N,\N,"480000","2022-04-01","2023-03-31","70221: Financial management"
"61580","partnership","CB1 2LA","52.194995","0.134061","CB1 2LA","36260.00","19620000","6","404936","75291",\N,\N,"480000","2023-04-01","2024-03-31","70221: Financial management"
"61653","private_limited","NR12 9EU","52.788518","1.499720","NR12 9EU","69035.82","663780","66","757922","0",\N,\N,"5280000","2022-12-01","2023-11-30","87900: Other residential care activities"
"61862","private_limited","NR4 7BD","52.609235","1.235210","NR4 7BD","9.00",\N,"6","457","21176",\N,\N,"480000","2023-02-01","2024-01-31","42990: Construction of other civil engineering projects not elsewhere classified"
"61862","private_limited","NR4 7BD","52.609235","1.235210","NR4 7BD","9.00",\N,"6","129823","9425",\N,\N,"480000","2022-02-01","2023-01-31","42990: Construction of other civil engineering projects not elsewhere classified"
"66238","private_limited","IP30 9QS","52.225173","0.899990","IP30 9QS","34783.42","3000000","48","1361320","248484",\N,\N,"3840000","2023-01-01","2023-12-31","46740: Wholesale of hardware, plumbing and heating equipment and supplies, 43220: Plumbing, heat and air-conditioning installation"
"66537","private_limited","",\N,\N,\N,"18300.00",\N,\N,\N,\N,\N,\N,\N,\N,\N,\N
"66696","private_limited","ST4 9DN","53.008026","-2.178826","ST4 9DN","900.00",\N,"4972","1038016000","24693000","196825000","458719000","397760000","2022-07-01","2023-06-30","66190: Activities auxiliary to financial intermediation not elsewhere classified, 65120: Non-life insurance"
"67020","private_limited","CB24 4AA","52.293971","-0.001660","CB24 4AA","12956.50",\N,"6","671860","372014",\N,\N,"480000","2022-04-01","2023-03-31","41100: Development of building projects"
"67041","private_limited","SG8 6NA","52.076591","0.014202","SG8 6NA","2950.00",\N,"18","2038828","1353184",\N,\N,"1440000","2022-12-01","2023-11-30","22290: Manufacture of other plastic products, 47789: Other retail sale of new goods in specialised stores (other than by opticians or commercial art galleries)"
"69338","private_limited","IP2 8NQ","52.031158","1.148573","IP2 8NQ","577.30","180000","1","88083","0",\N,\N,"80000","2022-05-01","2023-04-30","82990: Other business support service activities not elsewhere classified"
"69338","private_limited","IP2 8NQ","52.031158","1.148573","IP2 8NQ","577.30","180000","1","125569","0",\N,\N,"80000","2023-05-01","2024-04-30","82990: Other business support service activities not elsewhere classified"
"69359","private_limited","NR3 1DD","52.632869","1.293629","NR3 1DD","4886.00","120000","2","93389","102822",\N,\N,"160000","2022-04-01","2023-03-31","69102: Solicitors"
"69412","private_limited","CB8 7AU","52.260451","0.389238","CB8 7AU","33710.00",\N,"55","3668183","958795","4221375","16202561","4400000","2022-04-01","2023-03-31","47789: Other retail sale of new goods in specialised stores (other than by opticians or commercial art galleries)"
"69412","private_limited","CB8 7AU","52.260451","0.389238","CB8 7AU","33710.00",\N,"57","3328000","136593","3989100","16506153","4560000","2023-04-01","2024-03-31","47789: Other retail sale of new goods in specialised stores (other than by opticians or commercial art galleries)"
"70058","private_limited","NR34 9TY","52.453462","1.567832","NR34 9TY","7204.41",\N,"4","1875402","3971",\N,\N,"320000","2023-04-01","2024-03-31","68209: Other letting and operating of own or leased real estate"
"70058","private_limited","NR34 9TY","52.453462","1.567832","NR34 9TY","7204.41",\N,"4","1899378","25937",\N,\N,"320000","2022-04-01","2023-03-31","68209: Other letting and operating of own or leased real estate"
"70143","non_profit","NR7 0LB","52.630809","1.370322","NR7 0LB","160.08",\N,\N,\N,\N,\N,\N,\N,\N,\N,"94990: Activities of other membership organisations"
"71011","private_limited","L12 2AP","53.420258","-2.898722","L12 2AP","7024.75",\N,"35","7750000","1470000",\N,"8284000","2800000","2022-04-01","2023-03-31","86101: Hospital activities"
"72298","private_limited","NG7 1TN","52.944130","-1.164533","NG7 1TN","5735.00","3900000","187","1858594","2133990",\N,\N,"14960000","2022-02-01","2023-01-31","85320: Technical and vocational secondary education"
"72298","private_limited","NG7 1TN","52.944130","-1.164533","NG7 1TN","5735.00","3900000","188","3579932","3012651",\N,\N,"15040000","2023-02-01","2024-01-31","85320: Technical and vocational secondary education"
"74617","private_limited","NR7 0HS","52.628991","1.365305","NR7 0HS","817.23","3800000","25","1525814","2194502",\N,\N,"2000000","2022-04-01","2023-03-31","62090: Other information technology service activities"
"79349","private_limited","NG9 6RZ","52.907430","-1.248920","NG9 6RZ","2817.10",\N,"290","335000","1420000","8696000","25178000","23200000","2022-04-01","2023-03-31","74909: Other professional, scientific and technical activities not elsewhere classified"
"80508","private_limited","NN17 4AX","52.507798","-0.691353","NN17 4AX","1920.00",\N,\N,\N,\N,\N,\N,\N,"2023-10-01","2024-09-30","94120: Activities of professional membership organisations"
"80508","private_limited","NN17 4AX","52.507798","-0.691353","NN17 4AX","1920.00",\N,"56","3419000","958000",\N,"4606000","4480000","2022-10-01","2023-09-30","94120: Activities of professional membership organisations"
"81407","private_limited","DE1 2BU","52.928626","-1.468810","DE1 2BU","1953.00",\N,\N,\N,\N,\N,\N,\N,\N,\N,"82990: Other business support service activities not elsewhere classified"
"81568","private_limited","NR3 2BT","52.646094","1.262610","NR3 2BT","2636.43","300000","5","99942","26219",\N,\N,"400000","2022-03-01","2023-02-28","46650: Wholesale of office furniture"
"81596","private_limited","W1S 4HH","51.509003","-0.141425","W1S 4HH","848.49",\N,\N,"125663","0",\N,\N,\N,"2023-01-01","2023-12-31","73120: Media representation"
"81750","private_limited","E2 8HD","51.530726","-0.076034","E2 8HD","9286.68","5000000","12","297441","0",\N,\N,"960000","2022-04-01","2023-03-31","73110: Advertising agencies"
"82123","private_limited","NG13 8BQ","52.950323","-0.952515","NG13 8BQ","662.93",\N,"58000","20114794894","4887212009",\N,"24606245484","4640000000","2023-01-01","2023-12-31","08990: Other mining and quarrying not elsewhere classified"
"87308","private_limited","W1W 6DW","51.519625","-0.139882","W1W 6DW","69183.35","120000",\N,\N,\N,\N,\N,\N,"2023-03-14","2024-03-31","90010: Performing arts"
"87564","private_limited","NR25 6HP","52.906513","1.089738","NR25 6HP","248.62",\N,\N,\N,\N,\N,\N,\N,\N,\N,"55100: Hotels and similar accommodation"
"88998","private_limited","NR4 6DJ","52.607536","1.292244","NR4 6DJ","17508.32",\N,"274","2335841","5602365","27721882","38013230","21920000","2022-06-01","2023-05-31","46510: Wholesale of computers, computer peripheral equipment and software\
"
"89445","private_limited","PA14 5XH","55.927570","-4.676395","PA14 5XH","3485.00",\N,"106","8255421","3097489","6279677","19377363","8480000","2023-01-01","2023-12-31","32500: Manufacture of medical and dental instruments and supplies"
"90726","private_limited","PE34 3NJ","52.626287","0.324574","PE34 3NJ","11340.00","5000000",\N,"325809","133410",\N,\N,\N,"2022-12-01","2023-11-30","23700: Cutting, shaping and finishing of stone"
"91137","private_limited","NR14 6BJ","52.552989","1.466946","NR14 6BJ","22848.21",\N,"268","5969120","1880269",\N,"12790278","21440000","2022-09-01","2023-08-31","85200: Primary education, 85320: Technical and vocational secondary education, 85310: General secondary education"
"92164","private_limited","NN8 4HB","52.324334","-0.693981","NN8 4HB","21500.00",\N,"60","30713718","3804874","9966081","21103183","4800000","2023-01-01","2023-12-31","68209: Other letting and operating of own or leased real estate"
"95191","private_limited","NR17 2LD","52.532575","1.060402","NR17 2LD","23835.70","420000",\N,"2819079","1922327",\N,\N,\N,"2022-03-01","2023-03-31","47990: Other retail sale not in stores, stalls or markets, 45112: Sale of used cars and light motor vehicles"
"95191","private_limited","NR17 2LD","52.532575","1.060402","NR17 2LD","23835.70","420000",\N,"2819079","1922327",\N,\N,\N,"2022-04-01","2023-03-31","45112: Sale of used cars and light motor vehicles, 47990: Other retail sale not in stores, stalls or markets"
"95322","private_limited","SE13 7FY","51.464075","-0.014213","SE13 7FY","26767.40","0","10","31878","122664",\N,\N,"800000","2022-09-01","2023-08-31","85310 : General secondary education, 85600: Educational support activities, 85310: General secondary education"
"95350","private_limited","PE37 7HY","52.636792","0.663890","PE37 7HY","552.00",\N,"93","1690226","55781","1127428","13037909","7440000","2022-08-01","2023-07-31","49410: Freight transport by road"
"95410","school","NR8 5AG","52.658834","1.209101","NR8 5AG","418.30",\N,"66",\N,"119598","0","1791179","5280000","2022-04-01","2023-03-31","85100: Pre-primary education, 85200: Primary education"
"95443","private_limited","IP7 6DN","52.055490","0.940756","IP7 6DN","42273.90",\N,\N,\N,\N,\N,\N,\N,"2022-08-01","2023-07-31","10920: Manufacture of prepared pet foods"
"95443","private_limited","IP7 6DN","52.055490","0.940756","IP7 6DN","42273.90",\N,"96","8063883","956275","12388968","27513596","7680000","2022-07-31","2023-07-30","10920: Manufacture of prepared pet foods"
"95443","private_limited","IP7 6DN","52.055490","0.940756","IP7 6DN","42273.90",\N,"112","9355265","1746223","14545270","28207619","8960000","2023-07-29","2024-07-28","10920: Manufacture of prepared pet foods"
"95503","school","NR34 9PQ","52.452547","1.557228","NR34 9PQ","1245.15",\N,"19",\N,"28355","0","571939","1520000","2022-04-01","2023-03-31","85200: Primary education"
"95554","private_limited","PE36 5HD","52.940208","0.491150","PE36 5HD","3118.84",\N,\N,\N,\N,\N,\N,\N,\N,\N,"86900: Other human health activities"
"95595","private_limited","CB4 0WS","52.235272","0.153729","CB4 0WS","343.75","420000",\N,\N,\N,\N,\N,\N,\N,\N,"71122: Engineering related scientific and technical consulting activities"
"95605","private_limited","NR29 5DR","52.688146","1.620782","NR29 5DR","9735.63","0",\N,\N,\N,\N,\N,\N,"2023-07-01","2024-06-30","81300: Landscape service activities, 81210: General cleaning of buildings, 03220: Freshwater aquaculture, 03210: Marine aquaculture"
"95605","private_limited","NR29 5DR","52.688146","1.620782","NR29 5DR","9735.63","0","2","377","0",\N,\N,"160000","2022-07-01","2023-06-30","81300: Landscape service activities, 81210: General cleaning of buildings, 03220: Freshwater aquaculture, 03210: Marine aquaculture"
"95622","private_limited","IP25 6HW","52.570820","0.846512","IP25 6HW","3499.24","600000","8","250655","210",\N,\N,"640000","2022-04-01","2023-03-31","45112: Sale of used cars and light motor vehicles"
"96148","private_limited","CT1 3NF","51.268483","1.087068","CT1 3NF","736.88",\N,"57","497633","35","3160860","14754213","4560000","2023-01-01","2023-12-31","10920: Manufacture of prepared pet foods"
"96465","private_limited","SK9 7NN","53.302525","-2.233549","SK9 7NN","16955.39","1080000","4","416669","0",\N,\N,"320000","2022-02-01","2023-01-31","82990: Other business support service activities not elsewhere classified"
"96816","private_limited","CB4 1YG,","52.215967","0.123428","CB4 1YG,","241748.50","10010245","134","30457069","25905582","7030819","7243429","10720000","2023-01-01","2023-12-31","72190: Other research and experimental development on natural sciences and engineering"
"96880","private_limited","NN4 6UU","52.209818","-0.886038","NN4 6UU","16698.00",\N,\N,\N,\N,\N,\N,\N,"2023-09-01","2024-08-31","85100: Pre-primary education, 85200: Primary education, 85310: General secondary education"
"96880","private_limited","NN4 6UU","52.209818","-0.886038","NN4 6UU","16698.00",\N,"4545","530985000","16471000",\N,"314386000","363600000","2022-09-01","2023-08-31","85200: Primary education, 85310: General secondary education, 85100: Pre-primary education"
"97378","private_limited","IP26 4AF","52.486258","0.522017","IP26 4AF","552.00","180000",\N,\N,\N,\N,\N,\N,\N,\N,"95240: Repair of furniture and home furnishings, 32990: Other manufacturing not elsewhere classified"
"97587","private_limited","IP21 4HD","52.372844","1.137817","IP21 4HD","106522.99","2400000",\N,\N,\N,\N,\N,\N,"2023-01-01","2023-12-31","82990: Other business support service activities not elsewhere classified"
"97587","private_limited","IP21 4HD","52.372844","1.137817","IP21 4HD","106522.99","2400000",\N,\N,\N,\N,\N,\N,"2024-01-01","2024-12-31","82990: Other business support service activities not elsewhere classified"
"97620","private_limited","NR1 1RE","52.626140","1.297572","NR1 1RE","245.76",\N,\N,\N,\N,\N,\N,\N,\N,\N,\N
"98667","private_limited","IP24 1HU","52.423609","0.740169","IP24 1HU","9017.36","3000000",\N,\N,\N,\N,\N,\N,\N,\N,"81300: Landscape service activities"
"99607","private_limited","NR4 6AP","52.612288","1.258321","NR4 6AP","1308.74","120000",\N,"968951","1874",\N,\N,\N,"2022-04-01","2023-03-31","68209: Other letting and operating of own or leased real estate"
"100031","private_limited","RH20 1AS","50.962252","-0.505954","RH20 1AS","360.00",\N,\N,\N,\N,\N,\N,\N,\N,\N,"88990: Other social work activities without accommodation n.e.c."
"100263","private_limited","DT1 3AQ","50.711043","-2.465286","DT1 3AQ","34884.00","1000000","4","215739","102827",\N,\N,"320000","2022-05-01","2023-04-30","10890: Manufacture of other food products, 10920: Manufacture of prepared pet foods"
"100324","private_limited","W2 6LA","51.516458","-0.178696","W2 6LA","4355.24",\N,"106","4548000","599000","9434000","11232000","8480000","2022-10-01","2023-09-30","62020: Information technology consultancy activities"
"101678","school","SW16 1AW","51.434758","-0.137432","SW16 1AW","44462.00","6000000",\N,\N,\N,\N,\N,\N,\N,\N,"85310 : General secondary education, 85200: Primary education, 85100: Pre-primary education, 85410: Post-secondary non-tertiary education"
"103364","school","BR1 2TW","51.395300","0.057127","BR1 2TW","3496.00","12000000",\N,\N,\N,\N,\N,\N,\N,\N,"85410: Post-secondary non-tertiary education, 85200: Primary education, 85310 : General secondary education"
"113501","school","BA1 5SZ","51.397185","-2.365419","BA1 5SZ","19720.00","6000000",\N,\N,\N,\N,\N,\N,\N,\N,"85100: Pre-primary education, 85410: Post-secondary non-tertiary education, 85200: Primary education, 85310 : General secondary education"
"119303","school","SP7 9QA","51.019703","-2.216177","SP7 9QA","8225.81","7200000",\N,\N,\N,\N,\N,\N,\N,\N,"85200: Primary education, 85310 : General secondary education, 85100: Pre-primary education"
"123269","school","SO15 5UQ","50.922948","-1.416849","SO15 5UQ","5386.00",\N,"362","45279700","901009",\N,"26196118","28960000","2022-09-01","2023-08-31","85410: Post-secondary non-tertiary education, 85200: Primary education, 85310 : General secondary education, 85100: Pre-primary education"
"127844","school","NR35 1AY","52.454732","1.438430","NR35 1AY","978.31",\N,"15",\N,"32353","968","628213","1200000","2022-04-01","2023-03-31","85100: Pre-primary education, 85200: Primary education"
"128867","school","LE11 2AE","52.770153","-1.203836","LE11 2AE","29971.37","14400000",\N,\N,\N,\N,\N,\N,\N,\N,"85100: Pre-primary education, 68209: Other letting and operating of own or leased real estate, 85310 : General secondary education, 85200: Primary education"
"133697","school","IP18 6SD","52.334730","1.654886","IP18 6SD","4163.87","2700000",\N,\N,\N,\N,\N,\N,\N,\N,"85100: Pre-primary education, 85410: Post-secondary non-tertiary education, 85200: Primary education, 85310 : General secondary education"
"176269","school","CF5 2YD","51.490344","-3.212420","CF5 2YD","10050.00","9000000",\N,\N,\N,\N,\N,\N,\N,\N,"85200: Primary education, 85310 : General secondary education"
"177292","private_limited","KT17 1SJ","51.349853","-0.249703","KT17 1SJ","8418.98","2520000","41","298782","142707",\N,\N,"3280000","2022-05-01","2023-04-30","68320: Management of real estate on a fee or contract basis"
"177304","private_limited","PE38 0AL","52.606092","0.317213","PE38 0AL","7440.81","720000",\N,\N,\N,\N,\N,\N,"2023-08-01","2024-07-31","39000: Remediation activities and other waste management services"
"177304","private_limited","PE38 0AL","52.606092","0.317213","PE38 0AL","7440.81","720000","12","288447","418129",\N,\N,"960000","2022-07-19","2023-07-31","39000: Remediation activities and other waste management services"
"177304","private_limited","PE38 0AL","52.606092","0.317213","PE38 0AL","7440.81","720000","12","288447","418129",\N,\N,"960000","2022-08-01","2023-07-31","39000: Remediation activities and other waste management services"
"177702","private_limited","IP3 9SQ","52.034403","1.201984","IP3 9SQ","6232.04",\N,\N,\N,\N,\N,\N,\N,"2023-05-01","2024-04-30","45320: Retail trade of motor vehicle parts and accessories, 45200: Maintenance and repair of motor vehicles, 45112: Sale of used cars and light motor vehicles, 45111: Sale of new cars and light motor vehicles"
"177702","private_limited","IP3 9SQ","52.034403","1.201984","IP3 9SQ","6232.04",\N,"43","3030592","117124","1893113","25056346","3440000","2022-05-01","2023-04-30","45200: Maintenance and repair of motor vehicles, 45320: Retail trade of motor vehicle parts and accessories, 45111: Sale of new cars and light motor vehicles, 45112: Sale of used cars and light motor vehicles"
"178145","private_limited","IP33 3PH","52.242929","0.711150","IP33 3PH","2277.81","1000000",\N,\N,\N,\N,\N,\N,\N,\N,"61100: Wired telecommunications activities"
"178217","school","SE3 0TF","51.467128","0.010324","SE3 0TF","18105.00","6000000",\N,\N,\N,\N,\N,\N,\N,\N,"8021: General secondary education"
"178385","private_limited","PR7 6TB","53.672217","-2.666818","PR7 6TB","655.77",\N,"56","17128948","1729322","5031372","11605690","4480000","2022-05-01","2023-04-30","41201: Construction of commercial buildings, 68209: Other letting and operating of own or leased real estate"
"178390","private_limited","NR9 4HP","52.579038","0.981706","NR9 4HP","4912.03",\N,"1","1","1",\N,\N,"80000","2023-01-01","2023-12-31","64209: Activities of other holding companies n.e.c."
"178457","private_limited","CB8 7PN","52.270755","0.492005","CB8 7PN","95254.66","4800000","9","91258","79621",\N,\N,"720000","2022-06-01","2023-05-31","74901: Environmental consulting activities"
"178832","private_limited","IP14 3LS","52.234275","0.952918","IP14 3LS","7006.88","1800000","1","195829","0",\N,\N,"80000","2022-04-01","2023-03-31","82990: Other business support service activities not elsewhere classified"
"179111","private_limited","CO10 7QR","52.086683","0.672179","CO10 7QR","87079.89","5400000","38","14646214","71788",\N,\N,"3040000","2023-01-01","2023-12-31","10821: Manufacture of cocoa, and chocolate confectionery, 46370: Wholesale of coffee, tea, cocoa and spices, 10410: Manufacture of oils and fats"
"179156","private_limited","NR6 5AQ","52.659764","1.242670","NR6 5AQ","49307.88",\N,"86","87455","67671","744528","2864825","6880000","2022-07-31","2023-09-30","78200: Temporary employment agency activities, 88100: Social work activities without accommodation for the elderly and disabled"
"179402","private_limited","NR15 2BX.","52.425619","1.192879","NR15 2BX.","4539.06","510160","7","15777","82418",\N,\N,"560000","2022-10-01","2023-09-30","66220: Activities of insurance agents and brokers"
"179483","government","NR4 7UG","52.622703","1.219858","NR4 7UG","42000.00","1800000",\N,\N,\N,\N,\N,\N,\N,\N,"84110: General public administration activities"
"179502","private_limited","NR13 6PX","52.674682","1.372221","NR13 6PX","6798.39","20371535","103","2486643","100278","6408183","21011450","8240000","2023-01-01","2023-12-31","71129: Other engineering activities (not including engineering design for industrial process and production or engineering related scientific and technical consulting activities)"
"179521","private_limited","E10 7DE","51.563730","-0.021992","E10 7DE","621.44","1000000",\N,\N,\N,\N,\N,\N,\N,\N,"77390: Renting and leasing of other machinery, equipment and tangible goods not elsewhere classified"
"179545","private_limited","NR7 0DY","52.628355","1.338208","NR7 0DY","14584.80","360000",\N,"573131","6260",\N,\N,\N,"2022-08-01","2023-07-31","56290: Other food services"
"179545","private_limited","NR7 0DY","52.628355","1.338208","NR7 0DY","14584.80","360000","3","0","6260",\N,\N,"240000","2022-04-01","2023-07-31","56290: Other food services"
"179655","private_limited","CB11 3AQ","52.020224","0.254153","CB11 3AQ","7511.91",\N,\N,\N,\N,\N,\N,\N,\N,\N,"32990: Other manufacturing not elsewhere classified"
"179729","school","CB7 4EW","52.399289","0.261934","CB7 4EW","1840.00","19650000",\N,\N,\N,\N,\N,\N,\N,\N,"85200: Primary education"
"179740","private_limited","CM23 1JG","51.886457","0.140701","CM23 1JG","31160.18",\N,"13","978558","791390","575175","3328123","1040000","2023-01-01","2023-12-31","47770: Retail sale of watches and jewellery in specialised stores"
"179741","private_limited","CM23 1JG","51.886457","0.140701","CM23 1JG","4478.48",\N,\N,\N,\N,\N,\N,\N,\N,\N,"95250: Repair of watches, clocks and jewellery"
"179773","private_limited","CB5 8DT","52.208082","0.133883","CB5 8DT","116.00","1800000","44","956792","1600072",\N,\N,"3520000","2022-04-01","2023-03-31","72110: Research and experimental development on biotechnology, 72190: Other research and experimental development on natural sciences and engineering"
"179773","private_limited","CB5 8DT","52.208082","0.133883","CB5 8DT","116.00","1800000","44","1155580","1818370",\N,\N,"3520000","2023-04-01","2024-03-31","72110: Research and experimental development on biotechnology, 72190: Other research and experimental development on natural sciences and engineering"
"179874","private_limited","NR21 7AS","52.808870","0.901620","NR21 7AS","51078.30",\N,\N,\N,\N,\N,\N,\N,\N,\N,"11060: Manufacture of malt, 10890: Manufacture of other food products"
"180323","private_limited","PE38 9SW","52.598856","0.365756","PE38 9SW","17199.60","2400000",\N,\N,\N,\N,\N,\N,"2024-01-01","2024-12-31","43220: Plumbing, heat and air-conditioning installation"
"180323","private_limited","PE38 9SW","52.598856","0.365756","PE38 9SW","17199.60","2400000","40","762868","102396",\N,\N,"3200000","2023-01-01","2023-12-31","43220: Plumbing, heat and air-conditioning installation"
"180430","private_limited","IP24 1HG","52.427357","0.747242","IP24 1HG","8906.72","0",\N,\N,\N,\N,\N,\N,"2023-08-01","2024-07-31","25990: Manufacture of other fabricated metal products"
"180430","private_limited","IP24 1HG","52.427357","0.747242","IP24 1HG","8906.72","0","48","1184385","380578",\N,\N,"3840000","2022-08-01","2023-07-31","25990: Manufacture of other fabricated metal products"
"180447","private_limited","IP18 6SY","52.341887","1.677300","IP18 6SY","22664.96",\N,"49","10287479","202759","7130933","27653781","3920000","2022-04-01","2023-03-31","46650: Wholesale of office furniture"
"180473","private_limited","CB7 5UN","52.349378","0.351930","CB7 5UN","45064.49","1200000",\N,\N,\N,\N,\N,\N,"2023-01-01","2023-12-31","01610: Support activities for crop production, 70100: Activities of head offices"
"180901","private_limited","IP27 0PL","52.455441","0.625723","IP27 0PL","18369.89",\N,\N,\N,\N,\N,\N,\N,\N,\N,"43999: Other specialised construction activities n.e.c."
"181186","private_limited","IP31 2AR","52.316911","0.910358","IP31 2AR","54336.12",\N,"164","42715876","24029973","19731291","48664721","13120000","2022-10-01","2023-09-30","28302: Manufacture of agricultural and forestry machinery (other than agricultural tractors)"
"181309","private_limited","IP3 9RU","52.027878","1.205790","IP3 9RU","9491.20",\N,"208","14294000","21883000","9727000","100701000","16640000","2022-10-01","2023-09-30","41100: Development of building projects"
"182097","private_limited","CB24 3DQ","52.257243","0.055198","CB24 3DQ","5503.70","19233664","219","1948770","719299",\N,"20876161","17520000","2022-04-01","2023-03-31","69102: Solicitors"
"182468","private_limited","BH17 7BX","50.743437","-1.991565","BH17 7BX","514.21",\N,\N,\N,\N,\N,\N,\N,\N,\N,"61100: Wired telecommunications activities"
"183378","private_limited","SW19 4DR","51.420648","-0.208368","SW19 4DR","2100.00",\N,\N,\N,\N,\N,\N,\N,"2023-05-01","2024-04-30","69102: Solicitors"
"183378","private_limited","SW19 4DR","51.420648","-0.208368","SW19 4DR","2100.00",\N,"660","17709000","1954000","19120000","63736000","52800000","2022-05-01","2023-04-30","69102: Solicitors"
"189504","private_limited","WR4 9FA","52.213513","-2.173589","WR4 9FA","25885.81","9600000",\N,\N,\N,\N,\N,\N,"2023-04-01","2024-03-31","81100: Combined facilities support activities"
"189504","private_limited","WR4 9FA","52.213513","-2.173589","WR4 9FA","25885.81","9600000","160","698225","27783",\N,\N,"12800000","2022-04-01","2023-03-31","81100: Combined facilities support activities"
"192520","private_limited","RG1 1AX","51.458407","-0.969721","RG1 1AX","16721.21",\N,\N,\N,\N,\N,\N,\N,"2023-01-01","2023-12-31","62090: Other information technology service activities"
"193279","private_limited","NR5 9NJ","52.638775","1.210898","NR5 9NJ","13536.94","300000","105","464121","0",\N,\N,"8400000","2023-01-01","2023-12-31","87100: Residential nursing care facilities, 87300: Residential care activities for the elderly and disabled"
"193411","private_limited","NR95PH","52.737293","1.095533","NR95PH","381.71",\N,"31","4060455","1793198",\N,\N,"2480000","2022-09-01","2023-08-31","43210: Electrical installation"
"193419","private_limited","E14 5LQ","51.504083","-0.018366","E14 5LQ","3035.20",\N,"109","3107638","4229211","16191802","18148718","8720000","2022-07-01","2023-06-30","58290: Other software publishing"
"193661","private_limited","SL9 8RR","51.597361","-0.567075","SL9 8RR","33448.20",\N,"84","5978404","2935124",\N,"5268347","6720000","2022-09-01","2023-08-31","85200: Primary education"
"193846","private_limited","PE21 6JE","52.975231","-0.018317","PE21 6JE","7059.67",\N,"96","7617773","1312626",\N,"5349233","7680000","2022-09-01","2023-08-31","85310: General secondary education"
"193868","private_limited","NR191DR","52.679716","0.941008","NR191DR","403.68",\N,"51","150482","27005",\N,\N,"4080000","2022-10-01","2023-09-30","96090: Other service activities n.e.c."
"194019","private_limited","NR6 6AZ","52.662791","1.285283","NR6 6AZ","3843.09",\N,"6","102181","40193",\N,\N,"480000","2023-01-01","2023-12-31","32990: Other manufacturing not elsewhere classified"
"194022","private_limited","NR5 9HA","52.637192","1.217283","NR5 9HA","38082.73",\N,\N,\N,\N,\N,\N,\N,"2023-04-01","2024-03-31","47990: Other retail sale not in stores, stalls or markets"
"194022","private_limited","NR5 9HA","52.637192","1.217283","NR5 9HA","38082.73",\N,"42","0","330857","1368100","15667315","3360000","2022-04-01","2023-03-31","47990: Other retail sale not in stores, stalls or markets"
"194036","private_limited","nr18 0wz","52.575918","1.136279","nr18 0wz","960.00","120000",\N,"35201","3414",\N,\N,\N,"2023-02-01","2024-01-31","41100: Development of building projects"
"194075","private_limited","NR10 4SW","52.768802","1.114548","NR10 4SW","9276.59","600000","6","9252","0",\N,\N,"480000","2022-04-01","2023-03-31","45200: Maintenance and repair of motor vehicles"
"194100","private_limited","IP256LF","52.572946","0.809641","IP256LF","6714.00","600000",\N,"9524","10101",\N,\N,\N,"2022-03-03","2023-03-31","43210: Electrical installation"
"194100","private_limited","IP256LF","52.572946","0.809641","IP256LF","6714.00","600000","2","9524","10101",\N,\N,"160000","2022-03-01","2023-03-31","43210: Electrical installation"
"194100","private_limited","IP256LF","52.572946","0.809641","IP256LF","6714.00","600000","4","8216","8985",\N,\N,"320000","2023-04-01","2024-03-31","43210: Electrical installation"
"194105","private_limited","CB23 7AJ","52.186522","0.038332","CB23 7AJ","99075.00",\N,"76","6867288","1251264","3495453","5460503","6080000","2023-01-01","2023-12-31","72110: Research and experimental development on biotechnology"
"194121","private_limited","NW10 7XF","51.533364","-0.272846","NW10 7XF","64896.00","8058843","72","1629288","131188","4066864","7601739","5760000","2022-07-01","2023-06-30","52103: Operation of warehousing and storage facilities for land transport activities of division 49"
"194151","private_limited","PE33 0HY","52.667013","0.389903","PE33 0HY","14446.66",\N,\N,\N,\N,\N,\N,\N,\N,\N,"41100: Development of building projects"
"194260","private_limited","NR10 5FB","52.757574","1.348897","NR10 5FB","350.00","1260000",\N,\N,\N,\N,\N,\N,"2023-04-01","2024-03-31","82990: Other business support service activities not elsewhere classified"
"194260","private_limited","NR10 5FB","52.757574","1.348897","NR10 5FB","350.00","1260000","21","402262","0",\N,\N,"1680000","2022-04-01","2023-03-31","82990: Other business support service activities not elsewhere classified"
"194402","private_limited","NR10 5RP","52.742215","1.253589","NR10 5RP","13669.17","240000","3","341167","327200",\N,\N,"240000","2022-10-01","2023-09-30","41202: Construction of domestic buildings"
"194405","private_limited","SW1E 5DH","51.498148","-0.142626","SW1E 5DH","3768.00","314386000",\N,\N,\N,\N,\N,\N,"2023-09-01","2024-08-31","85200: Primary education, 85310: General secondary education, 85100: Pre-primary education"
"194405","private_limited","SW1E 5DH","51.498148","-0.142626","SW1E 5DH","3768.00","314386000","4545","530985000","16471000",\N,"314386000","363600000","2022-09-01","2023-08-31","85100: Pre-primary education, 85200: Primary education, 85310: General secondary education"
"197038","sole_trader","NR33 7AG","52.453466","1.729903","NR33 7AG","1023.50","60000",\N,\N,\N,\N,\N,\N,\N,\N,"93130: Fitness facilities"
"197100","private_limited","CB25 9QE","52.269464","0.182077","CB25 9QE","953.42","300000",\N,\N,\N,\N,\N,\N,"2023-04-01","2024-03-31","69203: Tax consultancy"
"197100","private_limited","CB25 9QE","52.269464","0.182077","CB25 9QE","953.42","300000","5","72209","18245",\N,\N,"400000","2022-04-01","2023-03-31","69203: Tax consultancy"
"197103","private_limited","NR10 5RP","52.742215","1.253589","NR10 5RP","738.50","300000",\N,\N,\N,\N,\N,\N,"2023-05-26","2024-05-31","68209: Other letting and operating of own or leased real estate, 68100: Buying and selling of own real estate"
"197123","private_limited","E15 2JA","51.537163","-0.003476","E15 2JA","3398.40",\N,\N,\N,\N,\N,\N,\N,"2022-12-22","2023-12-25","56290: Other food services"
"197146","private_limited","NE1 7RU","54.980320","-1.615713","NE1 7RU","679.44","600000","10",\N,\N,\N,\N,"800000","2023-01-01","2023-12-31",\N
"197278","sole_trader","NR171TG","52.537484","0.976020","NR171TG","802.90","500000",\N,\N,\N,\N,\N,\N,\N,\N,"43390: Other building completion and finishing"
"197332","private_limited","LE191WP","52.601321","-1.189173","LE191WP","99748.41","2880000","51","474515","238486",\N,\N,"4080000","2023-01-01","2023-12-31","65120: Non-life insurance"
"197353","school","CO3 3RB","51.888301","0.877572","CO3 3RB","408.00","4380000",\N,\N,\N,\N,\N,\N,\N,\N,\N
"197354","private_limited","N1 9NW","51.530659","-0.121223","N1 9NW","18509.33",\N,"13","1521609","1519762",\N,\N,"1040000","2022-06-01","2023-05-31","74902: Quantity surveying activities"
"197359","private_limited","GL8 8HH","51.643861","-2.154007","GL8 8HH","162.93","60000",\N,\N,\N,\N,\N,\N,\N,\N,\N
"197374","private_limited","RH10 9PE","51.133320","-0.176956","RH10 9PE","14006.39","2100000","18","78155","514375",\N,\N,"1440000","2023-01-01","2023-12-31","82990: Other business support service activities not elsewhere classified"
"197417","private_limited","SN16 0JZ","51.556844","-2.189845","SN16 0JZ","2101.30","120000",\N,\N,\N,\N,\N,\N,\N,\N,"41202: Construction of domestic buildings"
"197463","private_limited","LE15 7WD","52.679888","-0.748312","LE15 7WD","3054.25","300000",\N,"111447","84497",\N,\N,\N,"2022-04-10","2023-04-30","62090: Other information technology service activities, 72190: Other research and experimental development on natural sciences and engineering, 62020: Information technology consultancy activities"
"197463","private_limited","LE15 7WD","52.679888","-0.748312","LE15 7WD","3054.25","300000","2","111447","0",\N,\N,"160000","2022-03-31","2023-04-30","62020: Information technology consultancy activities, 62090: Other information technology service activities, 72190: Other research and experimental development on natural sciences and engineering"
"197470","private_limited","TN2 3GP","51.161380","0.293126","TN2 3GP","11396.20",\N,\N,\N,\N,\N,\N,\N,\N,\N,"25990: Manufacture of other fabricated metal products"
"197521","private_limited","RH10 9PE","51.133320","-0.176956","RH10 9PE","4866.60","1800000",\N,"59454","3571",\N,\N,\N,"2023-01-01","2023-12-31","99999: Dormant Company, 73120: Media representation"
"197569","private_limited","",\N,\N,\N,"11663.11",\N,\N,\N,\N,\N,\N,\N,\N,\N,\N
"197604","private_limited","IP22 4ZB","52.376745","1.122872","IP22 4ZB","340.00","120000",\N,\N,\N,\N,\N,\N,"2023-05-09","2024-05-31","96090: Other service activities n.e.c."
"197685","private_limited","NR1 3EY","52.623456","1.298088","NR1 3EY","98.96",\N,"4","110558","38",\N,\N,"320000","2022-10-01","2023-09-30","43991: Scaffold erection"
"197715","private_limited","NR2 1JF","52.629218","1.293673","NR2 1JF","32397.29",\N,\N,\N,\N,\N,\N,\N,"2022-01-31","2023-01-29","47190: Other retail sale in non-specialised stores, 68201: Renting and operating of Housing Association real estate"
"197715","private_limited","NR2 1JF","52.629218","1.293673","NR2 1JF","32397.29",\N,\N,\N,\N,\N,\N,\N,"2023-01-30","2024-01-31","47190: Other retail sale in non-specialised stores, 68201: Renting and operating of Housing Association real estate"
"197715","private_limited","NR2 1JF","52.629218","1.293673","NR2 1JF","32397.29",\N,"398","52201000","6966000","6075000","31867000","31840000","2023-01-29","2024-01-28","68201: Renting and operating of Housing Association real estate, 47190: Other retail sale in non-specialised stores"
"197715","private_limited","NR2 1JF","52.629218","1.293673","NR2 1JF","32397.29",\N,"419","57400000","7041000","6223000","32091000","33520000","2022-01-30","2023-01-29","68201: Renting and operating of Housing Association real estate, 47190: Other retail sale in non-specialised stores"
"197807","private_limited","CM23 1JG","51.886449","0.140674","CM23 1JG","1130.25","2000000","14","2980077","319548",\N,\N,"1120000","2022-10-01","2023-12-31","51102: Non-scheduled passenger air transport"
"197868","private_limited","NN8 4HB","52.324320","-0.693998","NN8 4HB","16920.00",\N,\N,\N,\N,\N,\N,\N,"2023-01-01","2023-12-31","68209: Other letting and operating of own or leased real estate"
"197898","private_limited","NR32 2HD","52.477618","1.731299","NR32 2HD","1077.30","300000",\N,\N,\N,\N,\N,\N,"2023-10-03","2024-10-31","45200: Maintenance and repair of motor vehicles"
"197920","government","SG1 2AD","51.902714","-0.212069","SG1 2AD","10000.00","120000000",\N,\N,\N,\N,\N,\N,\N,\N,"84110: General public administration activities"
"197990","private_limited","IP1 2QA","52.059691","1.147367","IP1 2QA","3624.40",\N,"3","20759","0",\N,\N,"240000","2022-08-01","2023-07-31","82990: Other business support service activities not elsewhere classified"
"198105","private_limited","TW20 9EY","51.432558","-0.545715","TW20 9EY","158168.00",\N,"59","37527000","10336000","17007000","70226000","4720000","2023-01-01","2023-12-31","64910: Financial leasing"
"198177","private_limited","PE1 2SN","52.579486","-0.244227","PE1 2SN","121949.85",\N,"5","0","192552",\N,\N,"400000","2022-05-01","2023-04-30","96090: Other service activities n.e.c., 58142: Publishing of consumer, business and professional journals and periodicals, 58110: Book publishing"
"198177","private_limited","PE1 2SN","52.579486","-0.244227","PE1 2SN","121949.85",\N,"11","0","136199",\N,\N,"880000","2023-05-01","2024-04-30","58142: Publishing of consumer, business and professional journals and periodicals, 96090: Other service activities n.e.c., 58110: Book publishing"
"198183","private_limited","NR31 0NX","52.589166","1.705990","NR31 0NX","7140.00","660000","11","20381","0",\N,\N,"880000","2023-01-01","2023-12-31","42210: Construction of utility projects for fluids"
"198223","private_limited","EC1N 2HT","51.517537","-0.108272","EC1N 2HT","2961.66","48000000",\N,\N,\N,\N,\N,\N,"2023-07-01","2024-06-30","77320: Renting and leasing of construction and civil engineering machinery and equipment"
"198223","private_limited","EC1N 2HT","51.517537","-0.108272","EC1N 2HT","2961.66","48000000",\N,"214850",\N,\N,\N,\N,"2022-02-16","2023-06-30","77320: Renting and leasing of construction and civil engineering machinery and equipment"
"198223","private_limited","EC1N 2HT","51.517537","-0.108272","EC1N 2HT","2961.66","48000000","1","0","0",\N,\N,"80000","2022-07-01","2023-06-30","77320: Renting and leasing of construction and civil engineering machinery and equipment"
"198352","private_limited","NR3 1RU","52.634891","1.300463","NR3 1RU","680.00",\N,\N,\N,\N,\N,\N,\N,"2023-04-01","2024-03-31","85590: Other education n.e.c., 94120: Activities of professional membership organisations"
"198352","private_limited","NR3 1RU","52.634891","1.300463","NR3 1RU","680.00",\N,"13","1650189","401764",\N,"1802083","1040000","2022-04-01","2023-03-31","85590: Other education n.e.c., 94120: Activities of professional membership organisations"
"198353","private_limited","RH6 9TF","51.147273","-0.124578","RH6 9TF","17385.73",\N,\N,\N,\N,\N,\N,\N,"2023-01-01","2023-12-31","52290: Other transportation support activities"
"198407","private_limited","",\N,\N,\N,"1352.61",\N,\N,\N,\N,\N,\N,\N,\N,\N,\N
"198421","private_limited","Redacted",\N,\N,\N,"1404.00",\N,\N,\N,\N,\N,\N,\N,\N,\N,"5242: Retail sale of clothing"
"198429","private_limited","",\N,\N,\N,"3807.09",\N,\N,\N,\N,\N,\N,\N,\N,\N,\N
"198497","private_limited","SE4 1YD","51.463706","-0.028064","SE4 1YD","19253.55","583878",\N,\N,\N,\N,\N,\N,"2023-04-01","2024-04-05","55900: Other accommodation, 55900: Other accommodation"
"198497","private_limited","SE4 1YD","51.463706","-0.028064","SE4 1YD","19253.55","583878","18","983106","641689",\N,"583878","1440000","2022-04-01","2023-03-31","55900: Other accommodation, 55900: Other accommodation"
"198522","private_limited","",\N,\N,\N,"1037.79",\N,\N,\N,\N,\N,\N,\N,\N,\N,\N
"198558","school","HP6 5PF","51.687532","-0.614977","HP6 5PF","6167.50","9006844",\N,\N,\N,\N,\N,\N,\N,\N,"85200: Primary education"
"198585","private_limited","CB21 5DU","52.182940","0.210985","CB21 5DU","32342.30","2000000",\N,\N,\N,\N,\N,\N,"2023-10-01","2024-09-30","86210: General medical practice activities, 75000: Veterinary activities"
"198585","private_limited","CB21 5DU","52.182940","0.210985","CB21 5DU","32342.30","2000000","2","25494","0",\N,\N,"160000","2022-10-01","2023-09-30","75000: Veterinary activities, 86210: General medical practice activities"
"198672","private_limited","KT22 7LU","51.310319","-0.335332","KT22 7LU","11490.00","5000000","15","0","579768",\N,\N,"1200000","2023-01-01","2023-12-31","52290: Other transportation support activities, 58190: Other publishing activities"
"198707","private_limited","NR1 1bp","52.628666","1.305685","NR1 1bp","765.00","120000",\N,\N,\N,\N,\N,\N,"2023-01-01","2023-12-31","41100: Development of building projects"
"198767","private_limited","L1  0BW","53.395191","-2.980741","L1  0BW","145.14",\N,\N,\N,\N,\N,\N,\N,\N,\N,"26600: Manufacture of irradiation, electromedical and electrotherapeutic equipment"
"198769","private_limited","L1  0BW","53.395191","-2.980741","L1  0BW","163.73",\N,\N,\N,\N,\N,\N,\N,\N,\N,"62012: Business and domestic software development"
"198770","private_limited","L1  0BW","53.395191","-2.980741","L1  0BW","403.77",\N,\N,\N,\N,\N,\N,\N,\N,\N,"82990: Other business support service activities not elsewhere classified"
"198771","private_limited","L1  0BW","53.395191","-2.980741","L1  0BW","205.35",\N,\N,\N,\N,\N,\N,\N,\N,\N,"86900: Other human health activities"
"198772","private_limited","L1  0BW","53.395191","-2.980741","L1  0BW","177.06",\N,"1","0","53129",\N,\N,"80000","2022-05-01","2023-04-30","82990: Other business support service activities not elsewhere classified"
"198773","private_limited","L1  0BW","53.395191","-2.980741","L1  0BW","162.43",\N,\N,\N,\N,\N,\N,\N,\N,\N,"62011: Ready-made interactive leisure and entertainment software development"
"198774","private_limited","L1  0BW","53.395191","-2.980741","L1  0BW","171.74","1800000",\N,\N,\N,\N,\N,\N,\N,\N,"82990: Other business support service activities not elsewhere classified"
"198775","private_limited","L1  0BW","53.395191","-2.980741","L1  0BW","202.33",\N,\N,\N,\N,\N,\N,\N,\N,\N,"82990: Other business support service activities not elsewhere classified"
"198798","private_limited","NR1 1RE","52.626140","1.297572","NR1 1RE","760.50",\N,\N,\N,\N,\N,\N,\N,\N,\N,"82990: Other business support service activities not elsewhere classified"
"198806","private_limited","W1B 4ND","51.513233","-0.141234","W1B 4ND","74.48",\N,\N,\N,\N,\N,\N,\N,\N,\N,"41202: Construction of domestic buildings"
"198808","private_limited","NR1 1RE","52.626140","1.297572","NR1 1RE","140.40",\N,\N,\N,\N,\N,\N,\N,\N,\N,"59113: Television programme production activities"
"198823","sole_trader","NW62JS","51.545013","-0.199925","NW62JS","796.60","60000",\N,\N,\N,\N,\N,\N,\N,\N,"47760: Retail sale of flowers, plants, seeds, fertilizers, pet animals and pet food in specialised stores"
"198828","private_limited","NR3 1RT","52.632611","1.299330","NR3 1RT","25.30","2040000",\N,\N,\N,\N,\N,\N,"2023-05-24","2024-05-31","47990: Other retail sale not in stores, stalls or markets"
"198854","private_limited","CO2 7GL","51.883550","0.894256","CO2 7GL","24778.04","540000",\N,\N,\N,\N,\N,\N,"2023-08-01","2024-07-31","86900: Other human health activities"
"198854","private_limited","CO2 7GL","51.883550","0.894256","CO2 7GL","24778.04","540000","6","73324","0",\N,\N,"480000","2022-08-01","2023-07-31","86900: Other human health activities"
"199190","sole_trader","",\N,\N,\N,"309.79","60000",\N,\N,\N,\N,\N,\N,\N,\N,\N
"199212","private_limited","SO51 9ZH","50.995052","-1.460105","SO51 9ZH","340.00",\N,\N,\N,\N,\N,\N,\N,"2023-09-01","2024-08-31","85200: Primary education, 85100: Pre-primary education"
"199212","private_limited","SO51 9ZH","50.995052","-1.460105","SO51 9ZH","340.00",\N,"103","216814","71897","0","4342100","8240000","2022-09-01","2023-08-31","85100: Pre-primary education, 85200: Primary education"
"199258","private_limited","N6 6QS","51.561589","-0.149813","N6 6QS","6000.00","2000000",\N,\N,\N,\N,\N,\N,"2023-06-01","2024-05-31","96090: Other service activities n.e.c."
"199258","private_limited","N6 6QS","51.561589","-0.149813","N6 6QS","6000.00","2000000","5","533676","307179",\N,\N,"400000","2022-06-01","2023-05-31","96090: Other service activities n.e.c."
"199296","private_limited","NR10 5FB","52.757601","1.348918","NR10 5FB","650.00","900000",\N,\N,\N,\N,\N,\N,"2023-02-28","2024-02-28","68100: Buying and selling of own real estate, 68209: Other letting and operating of own or leased real estate, 68320: Management of real estate on a fee or contract basis"
"199296","private_limited","NR10 5FB","52.757601","1.348918","NR10 5FB","650.00","900000",\N,"100","0",\N,\N,\N,"2023-03-01","2024-02-28","68100: Buying and selling of own real estate, 68320: Management of real estate on a fee or contract basis, 68209: Other letting and operating of own or leased real estate"
"199321","private_limited","NN8 4HB","52.324334","-0.693982","NN8 4HB","10980.80",\N,\N,\N,\N,\N,\N,\N,"2023-01-01","2023-12-31","68209: Other letting and operating of own or leased real estate"
"199354","private_limited","PE30 2DE","52.769358","0.406460","PE30 2DE","5343.24","600000",\N,\N,\N,\N,\N,\N,"2023-10-01","2024-09-30","74909: Other professional, scientific and technical activities not elsewhere classified"
"199354","private_limited","PE30 2DE","52.769358","0.406460","PE30 2DE","5343.24","600000","5","14481","0",\N,\N,"400000","2022-10-01","2023-09-30","74909: Other professional, scientific and technical activities not elsewhere classified"
"199382","private_limited","NR3 2BT","52.646094","1.262610","NR3 2BT","3991.38","660000","5","94162","0",\N,\N,"400000","2022-12-01","2023-11-30","33140: Repair of electrical equipment, 71122: Engineering related scientific and technical consulting activities, 71200: Technical testing and analysis"
"199413","public_limited","MK45 5DT","52.006665","-0.457208","MK45 5DT","1620.00","180000",\N,\N,\N,\N,\N,\N,\N,\N,"70229: Management consultancy activities other than financial management"
"199418","private_limited","",\N,\N,\N,"104.13",\N,\N,"10","0",\N,\N,\N,"2022-02-01","2023-01-31","56290: Other food services"
"199418","private_limited","",\N,\N,\N,"104.13",\N,"2","27559","0",\N,\N,"160000","2023-02-01","2024-01-31","56290: Other food services"
"199519","sole_trader","SS7 3HR","51.569401","0.566158","SS7 3HR","438.54","60000",\N,\N,\N,\N,\N,\N,"2024-01-01","2024-12-31","64999: Financial intermediation not elsewhere classified"
"199519","sole_trader","SS7 3HR","51.569401","0.566158","SS7 3HR","438.54","60000","1","6511","10733",\N,\N,"80000","2023-01-01","2023-12-31","64999: Financial intermediation not elsewhere classified"
"199528","private_limited","SW18 1PE","51.461005","-0.200022","SW18 1PE","2847.39","0",\N,\N,\N,\N,\N,\N,"2023-01-01","2023-12-31","82990: Other business support service activities not elsewhere classified"
"199530","private_limited","",\N,\N,\N,"176.00",\N,\N,\N,\N,\N,\N,\N,\N,\N,"66290: Other activities auxiliary to insurance and pension funding"
"199537","private_limited","Nr6 6AW","52.662001","1.280482","Nr6 6AW","3573.02","420000",\N,\N,\N,\N,\N,\N,"2023-03-01","2024-03-31","47990: Other retail sale not in stores, stalls or markets"
"199537","private_limited","Nr6 6AW","52.662001","1.280482","Nr6 6AW","3573.02","420000",\N,"35681","0",\N,\N,\N,"2022-03-01","2023-02-28","47990: Other retail sale not in stores, stalls or markets"
"199545","private_limited","NR15 1PN","52.538290","1.262484","NR15 1PN","915.31","840000",\N,\N,\N,\N,\N,\N,\N,\N,\N
"199546","private_limited","CM22 7DG","51.870056","0.212526","CM22 7DG","1319.28",\N,\N,\N,\N,\N,\N,\N,"2023-01-01","2023-12-31","64209: Activities of other holding companies n.e.c."
"199645","private_limited","CB1 2LA","52.194995","0.134061","CB1 2LA","954.63",\N,"7","83722","531637",\N,\N,"560000","2022-06-01","2023-05-31","43210: Electrical installation"
"199680","private_limited","NG3 7DQ","52.956572","-1.118564","NG3 7DQ","132.00","0",\N,\N,\N,\N,\N,\N,"2023-02-28","2024-02-28","41100: Development of building projects, 81210: General cleaning of buildings"
"199730","private_limited","NR17 1QD","52.502432","1.043570","NR17 1QD","1074.42","900000",\N,\N,\N,\N,\N,\N,\N,\N,\N
"199991","private_limited","NR2 1DP","52.630157","1.293824","NR2 1DP","214.98","180000",\N,\N,\N,\N,\N,\N,"2023-03-07","2024-03-31","66220: Activities of insurance agents and brokers"
"200053","private_limited","N6 6DP","51.566469","-0.150192","N6 6DP","3.62","900000",\N,\N,\N,\N,\N,\N,"2024-01-01","2024-12-31","41100: Development of building projects"
"200053","private_limited","N6 6DP","51.566469","-0.150192","N6 6DP","3.62","900000",\N,"800673","626647",\N,\N,\N,"2023-01-01","2023-12-31","41100: Development of building projects"
"200269","sole_trader","GL20 6DA","52.022797","-2.158915","GL20 6DA","400.00","60000",\N,\N,\N,\N,\N,\N,\N,\N,\N
"200272","private_limited","NR9 4EQ","52.609128","1.022868","NR9 4EQ","43.75",\N,\N,\N,\N,\N,\N,\N,\N,\N,\N
